3409 5642
384 1328 499 1430 1)ss
545 1323 940 1431 NESTORE
988 1325 1290 1428 RERUM
1338 1324 1875 1468 RUSSICARUM
1921 1323 2404 1428 SCRIPTORE

433 2536 748 2606 Nestoris
773 2535 1106 2605 chronica
1138 2557 1156 2589 ι
1182 2535 1255 2602 13
1283 2535 1561 2623 Europa
1587 2535 1997 2605 occidentali
2029 2538 2254 2607 adhuc
2281 2539 2461 2610 male

346 2665 513 2730 nota
547 2679 703 2730 esse
742 2680 978 2730 rerum
1007 2661 1498 2730 historicarum
1532 2662 1737 2749 periti
1782 2662 1983 2731 facile
2029 2662 2451 2754 fatebuntur.

347 2787 551 2875 Apud
573 2787 953 2856 Germanos
966 2835 988 2870 ,
1021 2790 1280 2874 praeter
1313 2787 1664 2856 obsoletos
1699 2791 1770 2856 et
1790 2789 1941 2873 jam
1984 2788 2132 2858 fere
2176 2789 2458 2859 inutiles

360 2912 778 2982 Sohlaetzerii
807 2915 876 2981 et
901 2911 1194 2980 Mullerii
1220 2912 1496 2980 labores
1516 2914 1585 2979 et
1615 2912 2089 2996 germanicam
2117 2914 2460 2998 Pogodini

344 3038 854 3107 dissertationis
886 3037 1641 3122 translationem,‚nihil
1678 3033 1957 3106 exstat².
1994 3039 2197 3126 Apud
2232 3040 2462 3109 Gallos

342 3163 561 3232 habes
580 3163 840 3250 aliquot
856 3163 1076 3231 lineas
1093 3181 1134 3229 a
1156 3157 1743 3230 Chateaubriand
1758 3161 2050 3247 scriptas
2068 3162 2140 3230 in
2150 3166 2463 3250 proemio
2486 3174 2505 3205 f

345 3288 503 3356 libri
538 3289 650 3356 cuj
689 3307 945 3356 nomen
987 3287 1391 3356 inscribitur
1417 3263 1492 3355 Ε
1495 3282 1697 3353 tudes
1724 3282 2179 3376 histor-ique&
2228 3293 2463 3360 curtas

349 3412 628 3482 notitias
656 3412 731 3480 in
758 3407 1238 3502 Bioqraphiis
1267 3429 1308 3477 a
1343 3406 1429 3478 M
1432 3406 1699 3477 ichaud
1755 3414 1824 3479 et
1867 3406 2097 3478 Didot
2129 3414 2459 3499 collectis,

345 3537 749 3624 ampliorem
799 3536 922 3605 sed
964 3554 1282 3603 mancam
1333 3535 1890 3604 dissertationem
1933 3555 1973 3602 a
2021 3533 2339 3607 Daunou
2389 3541 2463 3609 111

345 3657 664 3731 Journal
695 3657 821 3730 des
853 3657 1164 3730 Savants
1194 3660 1449 3728 editam
1484 3661 1532 3737 ⁸,
1569 3661 2091 3729 translationem
2132 3665 2460 3734 Ludovici

345 3783 578 3856 Paris
605 3805 764 3856 cum
815 3785 1227 3874 praefatione
1282 3784 1452 3854 satis
1491 3785 1831 3872 probabili
1882 3789 1951 3854 et
1978 3788 2461 3860 additamentis

347 3912 434 3980 ad
462 3913 829 3982 Nestorem
856 3929 1103 3998 parum
1141 3909 1611 3979 attinentibus.
1646 3912 1818 3988 Quae
1851 3911 2085 3980 omnia
2120 3918 2283 3983 ante
2308 3915 2462 4003 pri-

421 4154 440 4189 ²
481 4158 744 4216 Slsvonice
764 4157 983 4226 Letopis,
1023 4158 1076 4209 id
1113 4165 1205 4216 est,
1237 4172 1474 4210 annorum
1509 4155 1771 4224 descriptio
1796 4159 1903 4208 sive
1933 4157 2137 4210 6336166
2178 4182 2189 4212 :
2221 4176 2331 4228 quae
2366 4179 2467 4218 vox

357 4251 527 4320 ἱστορῶ
563 4269 591 4304 a
617 4251 846 4304 Nestoris
873 4251 988 4300 vitae
1025 4253 1220 4300 auctore
1250 4249 1303 4298 in
1333 4245 1638 4315 Bioqraphia
1679 4245 1860 4309 Feller,
1898 4254 1955 4298 ut
1990 4263 2173 4300 'nomen
2214 4256 2463 4319 proprium

350 4343 598 4410 scriptoris
618 4339 863 4394 intellecta
884 4346 982 4391 est.

419 4426 441 4456 ²
476 4431 556 4482 De
588 4430 692 4482 illis
716 4429 944 4497 operibus
965 4427 1093 4480 infre
1116 4428 1426 4480 disseremus.

421 4515 444 4546 ⁸
478 4521 626 4572 Anno
651 4525 778 4580 1835,
807 4536 856 4587 p.-
891 4523 1076 4569 732-40.

1273 4703 1302 4747 '-

1297 4722 1394 4815 {ff
