3409 5642
943 1388 980 1415 -·
1031 1373 1230 1450 Quod
1269 1373 1358 1441 ad
1401 1373 1614 1442 vitam
1661 1365 1975 1448 Nestoris
2012 1379 2257 1447 attinet
2296 1385 2523 1454 omnis
2556 1387 2704 1456 fere
2735 1385 3061 1455 materies

941 1518 1032 1566 en
1079 1498 1254 1586 ipsis
1281 1499 1446 1585 ejus
1475 1499 1824 1568 chronicis
1872 1501 2256 1573 haurienda
2292 1512 2399 1576 est
2434 1524 2450 1575 :
2500 1512 2747 1581 notitia
2790 1529 2948 1600 quae
2988 1510 3063 1579 in

930 1601 1352 1698 'Pa-terioonc
1382 1624 1726 1710 reperitur
1751 1625 1925 1692 nihil
1956 1627 2125 1694 novi
2165 1631 2366 1700 nobis
2413 1634 2634 1705 affert.
2680 1637 3061 1718 Caeterum,

943 1751 1052 1815 est
1115 1748 1504 1818 Patericoni
1574 1750 1859 1819 minima
1928 1753 2103 1821 fides
2188 1755 2601 1828 adhibenda.
2668 1761 2794 1829 Est
2851 1759 3063 1828 ·enim

947 1874 1337 1962 compilatio
1386 1876 1566 1944 vitas
1600 1881 2001 1946 sanctorum
2024 1879 2355 1949 Ecclesiae
2386 1869 2797 1954 R'uthenicae
2830 1885 3063 1954 conti—-

945 2017 1148 2083 nenS,
1193 2004 1353 2087 post
1399 2001 1732 2070 saeculum
1769 2003 1899 2070 XV
1936 2020 1979 2069 a
2012 2002 2225 2072 variis
2261 2008 2661 2078 auctoribus
2711 2009 2861 2078 sine
2914 2008 3063 2076 cri-

945 2126 1081 2194 tica
1110 2129 1180 2194 et
1209 2126 1554 2210 gravitate
1590 2129 2011 2215 conscripta.
2058 2129 2291 2196 Prima
2320 2131 2530 2200 editio
2576 2135 2761 2220 typis
2806 2135 3063 2230 prodiit

942 2249 1187 2335 ling-ua
1241 2251 1560 2336 polonica
1619 2252 1892 2322 Kioviae
1952 2271 2140 2321 anno
2172 2254 2350 2322 1660
2379 2254 2422 2324 ¹.
2472 2255 2767 2327 Exstant
2822 2259 3063 2328 multae

942 2375 1329 2446 slavonicae
1356 2377 1781 2463 posteriores
1829 2377 2168 2447 editiones
2200 2397 2361 2466 quse
2410 2400 2453 2448 a
2496 2383 2751 2468 populo
2782 2384 3056 2452 russico

943 2515 1216 2567 summa
1278 2499 1632 2586 voluptate
1692 2503 2066 2569 versantur
2091 2551 2112 2584 ,
2170 2503 2392 2572 doctis
2468 2509 2697 2572 autem
2750 2507 3055 2576 sordent.

943 2622 1156 2692 Multa
1211 2623 1288 2691 in
1350 2624 1485 2692 hoc
1543 2624 1724 2693 libro
1800 2643 1889 2693 ex
1942 2624 2115 2712 ipsis
2174 2627 2488 2696 Nestoris
2565 2629 2916 2698 chronicis
2973 2631 3061 2700 ab

942 2747 1448 2835 hagiographis
1497 2750 1763 2818 inserta
1792 2754 2018 2819 ‘sunit
2054 2752 2241 2820 unde
2285 2753 2365 2820 fit
2416 2758 2493 2822 ut
2518 2753 2797 2840 quidam
2823 2755 3061 2824 incon-

943 2874 1121 2943 sulte
1165 2874 1584 2942 crediderint
1623 2877 1988 2944 Nestorem
2026 2876 2327 2962 primum
2373 2877 2591 2947 fuisse
2638 2878 3061 2947 collectionis
3158 2891 3162 2894 ·

941 3005 1153 3089 hujus
1199 3005 1577 3072 auctorem.
1639 3001 1771 3080 Qni
1831 3020 1981 3070 rem
2043 3001 2343 3090 amplius
2400 3019 2693 3071 noscere
2757 3002 2922 3071 velit
2974 3001 3063 3070 ad

939 3127 1556 3198 hmulentissimam
1603 3129 1689 3197 R.
1739 3128 1818 3195 Ρ.
1877 3128 2244 3213 Martynov
2290 3127 2366 3195 in
2420 3127 2613 3196 Actis
2654 3127 3063 3196 Sanctorum

915 3252 1496 3322 dissertationem
1527 3254 1845 3320 recurrat
1868 3258 1911 3318 ³.
2618 3259 2623 3264 “

1027 3380 1125 3446 De
1179 3395 1305 3446 sua
1359 3378 1584 3464 patria
1626 3380 1809 3445 tacet
1854 3377 2128 3445 Nestor.
2188 3377 2479 3455 Quidam
2539 3395 2719 3445 eum·
2751 3375 2964 3462 longe
3023 3395 3065 3444 a

941 3507 1189 3576 Kiovia
1223 3507 1310 3574 ad
1333 3505 1526 3576 littus
1553 3505 1708 3576 Albi
1756 3507 1950 3576 lacus
1994 3503 2501 3595 (Bialo—jezer-o)
2537 3524 2627 3574 ex
2657 3523 2798 3602 uno
2826 3507 3065 3575 codice

943 3631 1470 3723 (Radzivillensi)
1493 3637 1733 3702 natum
1763 3635 2110 3702 asserunt.
2134 3634 2214 3699 In
2232 3631 2350 3699 illo
2368 3649 2615 3717 nempe
2633 3623 2871 3700 codice
2892 3631 3066 3715 legi-

943 3759 1056 3824 tur
1077 3755 1164 3822 ad
1191 3757 1400 3840 caput
1423 3771 1557 3822 xm
1591 3779 1622 3815 α
1657 3755 1905 3824 Sineus
1936 3754 2172 3822 sedem
2202 3771 2402 3822 suam
2428 3754 2661 3840 posuit
2691 3753 2780 3821 ad
2814 3755 3065 3823 Album

881 3971 886 3978 .
953 3907 983 3941 »
1033 3878 1262 3946 lacum
1289 3875 1490 3969 apud
1515 3896 1670 3946 nos,
1716 3903 1749 3939 ι
1796 3879 2023 3956 Quum
2066 3895 2237 3944 vcro
2279 3877 2435 3946 haec
2466 3876 2683 3944 verba
2710 3872 2913 3967 apud
2932 3895 3066 3944 nos

1015 4057 1032 4088 ¹
1060 4062 1210 4114 Anno
1233 4067 1358 4122 1635,
1381 4063 1426 4113 si
1454 4060 1614 4113 credis
1640 4059 1880 4129 polonicus
1904 4059 2278 4128 Encyclopoediae
2308 4053 2709 4129 (Encyclopedyja
2725 4053 3069 4126 pomsuokna).

941 4151 1120 4204 titulus
1170 4160 1250 4204 cst
1287 4175 1300 4204 ι
1342 4151 1599 4204 Pam-icon
1641 4151 1759 4204 albo·
1777 4161 1966 4218 ayvoty.
2002 4149 2258 4202 Pam-icen
2288 4150 2371 4202 vel
2402 4153 2517 4202 vitan
2554 4157 2834 4201 sanctorum
2872 4156 3070 4216 patrum

943 4244 1343 4308 poentientiam,
1369 4241 1534 4294 fusius
1547 4240 1577 4293 ὲ
1595 4241 1807 4293 Nestore
1832 4240 2071 4292 monacho
2095 4248 2145 4292 et
2160 4240 2530 4308 chronographo
2548 4254 2699 4290 russo
2712 4237 2835 4290 olim
2854 4239 3067 4304 scripto.

948 4347 1080 4384 nunc
1103 4337 1286 4394 autem,
1309 4347 1338 4382 c
1356 4332 1550 4399 graecis,
1574 4331 1764 4416 latinis.
1816 4330 2018 4382 slavicis
2042 4337 2091 4382 et
2113 4330 2353 4398 polonicis
2377 4327 2695 4396 scriptoribus
2720 4328 2775 4377 in
2799 4325 3068 4377 breviorem

941 4429 1130 4474 textum
1165 4419 1404 4479 redactum
1445 4427 1612 4471 auctor
1638 4419 1793 4486 hujus
1814 4420 2116 4472 collectionis
2146 4419 2241 4471 fuit
2272 4415 2530 4472 silvestris
2552 4417 2765 4472 Kossow
2782 4414 3065 4470 meviensis

947 4510 1271 4594 mctropolita.
1299 4510 1629 4564 Rarissimam
1650 4509 1799 4562 hodie
1819 4525 1964 4578 opus.

1013 4592 1035 4625 ¹
1072 4597 1266 4652 Mensis
1287 4596 1514 4656 octobris,
1539 4613 1589 4666 p.
1617 4603 1718 4656 ⁷72,
1742 4613 1827 4664 oq.
