3409 5642
363 873 552 941 Idem
597 872 1046 960 Polycarpius
1095 873 1169 942 in
1219 875 1362 942 vita
1417 875 1638 944 sancti
1705 875 1959 945 Nikitae
1995 877 2197 962 cujus
2252 879 2481 944 exstat

364 998 587 1066 codex
621 998 862 1066 saeculi
894 999 1048 1080 XV,
1091 1002 1454 1067 enumerat
1494 999 1757 1086 aliquot
1795 1019 1836 1068 e
1880 999 2478 1087 praestantissimis

367 1124 780 1192 monasterii
837 1123 946 1192 sui
1004 1124 1365 1192 monachis
1411 1125 1595 1193 inter
1621 1143 1797 1212 quos
1830 1139 1848 1191 z
1898 1121 2288 1194 Nestorem
2358 1120 2487 1216 qui

368 1245 708 1318 chronica
751 1246 1068 1341 scripsit.
1100 1251 1255 1318 Non
1288 1248 1573 1319 dubium
1608 1253 1719 1319 est
1742 1251 1931 1354 ⁴quin
1962 1249 2280 1320 Nestoris
2309 1269 2485 1319 cen-

369 1380 516 1446 tum
549 1375 696 1444 fere
735 1377 989 1445 abhinc
1021 1375 1222 1444 annis
1257 1375 1564 1444 defuncti
1591 1394 1811 1463 usque
1841 1375 1929 1444 ad
1957 1378 2237 1444 aetatem
2282 1374 2487 1462 Poly-

368 1505 587 1592 carpii
617 1504 952 1575 memoria
988 1505 1242 1573 vixerit
1273 1520 1290 1571 z
1339 1503 1580 1574 forsan
1624 1505 1845 1592 ipsius
1877 1523 2090 1573 manu
2123 1507 2487 1572 exaratum

369 1629 678 1698 codicem
716 1629 1168 1716 Polycarpius
1195 1630 1432 1715 legere
1489 1632 1831 1717 potuerat.
1878 1631 1960 1697 In
1990 1629 2169 1698 libro
2214 1647 2487 1716 quoque

370 1757 906 1866 ὤοῐοψπατερικόν
935 1753 1027 1844 (id
1053 1759 1184 1840 est,
1205 1735 1372 1824 ritae
1393 1760 1794 1826 sanctorum
1819 1755 2123 1848 Patrum)
2140 1759 2188 1841 ¹,
2215 1775 2304 1826 ex
2323 1775 2491 1826 ano-

369 1899 581 1968 nymo
634 1881 800 1950 vitae
862 1879 1176 1950 Nestoris
1220 1884 1502 1950 auctore
1526 1929 1547 1960 ,
1591 1881 1923 1950 chronica
1968 1883 2057 1952 ab
2120 1901 2204 1951 eo
2270 1881 2489 1952 fuisse

280 1995 288 2007 ’
372 2006 633 2094 scripta
662 2004 1183 2091 cognoscimus,

461 2135 690 2212 Quum
719 2136 950 2201 autem
980 2137 1082 2202 tot
1107 2136 1179 2202 et
1203 2135 1396 2202 tanta
1429 2137 1851 2202 concurrant
1893 2133 2315 2217 testimonia,
2348 2136 2491 2203 tam

375 2257 560 2328 clare
585 2261 775 2345 patet
799 2258 1160 2327 Nestorem
1187 2258 1803 2346 chronographum
1844 2258 2221 2341 exstitisse,
2269 2259 2347 2325 ut
2375 2255 2490 2326 vel

375 2403 419 2453 3
446 2383 888 2454 tenacissimo
926 2383 1282 2452 Harduino
1331 2383 1592 2453 factum
1635 2384 1803 2453 illud
1830 2383 2081 2469 negari
2127 2386 2427 2471 nequeat
2464 2397 2482 2449 ε

373 2510 558 2598 quod
591 2513 824 2578 tamen
855 2511 1291 2578 tentaverant
1320 2485 1658 2597 principio
1693 2510 1907 2596 hujus
1947 2508 2187 2578 saeculi
2231 2508 2491 2594 aliquot

309 2637 312 2640 ’
375 2636 448 2704 in
481 2635 739 2704 RUSSia
765 2637 1186 2744 ὑπερκριτικὸι
1217 2637 1297 2703 ut
1319 2633 1586 2703 Stroiev
1618 2637 1689 2703 et
1715 2619 2155 2720 Senkovsky,
2184 2632 2304 2721 qui
2329 2653 2493 2704 mox

374 2759 743 2844 Pogodini,
773 2759 1127 2828 Kubarevi
1161 2763 1231 2827 et
1261 2759 1556 2828 aliorum
1583 2758 2017 2845 argumentis
2046 2758 2363 2848 oppressi
2404 2761 2495 2828 ad

376 2884 723 2954 silentium
754 2884 1016 2953 redacti
1044 2887 1230 2952 sunt.
1257 2885 1360 2952 De
1392 2883 1511 2951 illa
1535 2884 1612 2958 in
1637 2883 1983 2954 oblivione
2019 2903 2207 2952 nunc
2246 2886 2496 2954 obruta

375 3008 806 3077 russicorum
825 3009 1239 3095 scriptorum
1253 3008 1731 3078 controversia
1756 3028 1899 3078 non
1925 3009 2284 3106 loquemur
2302 3025 2323 3092 3
2352 3007 2502 3092 gal-

373 3134 508 3202 lico
537 3132 724 3202 enim
766 3133 1008 3202 lectori
1040 3133 1214 3202 nihil
1248 3133 1527 3202 afferret
1570 3132 1946 3219 voluptatis
1983 3132 2099 3201 vel
2124 3121 2485 3217 utilitatis3

376 3277 506 3328 nec
534 3257 731 3326 varia
777 3259 1190 3327 documenta
1237 3257 1312 3326 in
1359 3277 1569 3328 manu
1637 3259 2001 3328 habemus.
2041 3259 2390 3328 Caeterum
2436 3257 2497 3326 si

378 3381 840 3454 demonstrari
861 3386 1097 3480 posset
1116 3387 1430 3452 nostrum
1459 3373 1824 3452 Nestorem
1840 3383 1950 3452 vel
1976 3402 2119 3453 non
2152 3383 2501 3453 exstitisse

378 3507 492 3575 vel
510 3527 651 3577 non
671 3507 1038 3594 scripsisse
1057 3504 1368 3591 annales,
1389 3527 1540 3576 rem
1559 3509 1757 3595 parvi
1784 3508 2116 3578 momenti
2146 3507 2498 3578 declarare
2616 3571 2626 3582 .

378 3652 524 3704 11011
551 3634 1066 3720 dubitaremus3
1120 3635 1346 3704 nullas
1396 3652 1646 3721 nempe
1698 3635 1950 3704 Nestor
1998 3635 2073 3702 in
2118 3634 2322 3704 factis
2351 3654 2395 3703 a
2423 3653 2500 3704 se

374 3757 680 3829 narratis
752 3761 987 3845 partes
1051 3759 1200 3845 egit
1232 3774 1249 3826 ε
1326 3759 1525 3846 parvi
1584 3759 1803 3844 igitur
1881 3757 2180 3829 interest
2262 3763 2501 3828 utrum

379 3884 722 3952 obscurus
751 3886 821 3952 et
864 3883 1143 3953 humilis
1182 3884 1565 3954 monachus
1613 3883 1732 3970 qui
1774 3902 2039 3952 nomen
2072 3902 2288 3952 suum·
2306 3885 2499 3970 operi

381 4025 510 4077 suo
538 4006 920 4088 inscribere
946 3986 1090 4077 non
1117 4009 1446 4095 dignatus
1464 4012 1571 4078 est
1596 4010 1846 4077 Petrus
1875 4027 1966 4077 an
1994 4008 2249 4076 Paulus
2278 4007 2504 4076 dictus

383 4134 632 4202 fuerit:
667 4135 835 4206 satis
880 4140 988 4207 est
1031 4139 1187 4225 ejus
1219 4137 1504 4208 annales
1549 4141 1825 4208 exstare
1868 4140 1939 4207 et
1986 4137 2352 4206 credibiles
2392 4135 2510 4206 de-

386 4261 783 4331 monstrari.

463 4625 482 4656 ¹
513 4630 646 4686 vide
671 4631 819 4687 infra.
