3409 5642
1946 689 2015 702 .-
2052 661 2121 718 ⁴8
2158 688 2226 704 .-

1026 783 1286 868 fuisse3
1324 781 1571 869 quibus
1617 782 1875 868 optime
1922 781 2296 870 respondet
2341 781 2703 850 Miklosich
2752 782 3157 853 slavonica-

1028 929 1186 978 rum
1216 927 1452 976 rerum
1485 907 1785 994 optimus
1814 906 2103 976 arbiter.

1122 1059 1153 1094 ι
1203 1034 1300 1101 De
1363 1033 1743 1100 foederibus
1796 1032 1994 1100 factis
2038 1050 2196 1099 cum
2231 1031 2515 1111 Graecis,
2562 1032 2971 1099 confitemur
3018 1051 3158 1101 nos

1035 1183 1066 1218 a
1118 1175 1259 1225 non
1306 1155 1698 1238 intelligere
1760 1154 2102 1240 quomodo
2157 1153 2311 1220 haec
2361 1153 2653 1235 foedera,
2717 1143 3154 1239 paucissimis

1035 1306 1068 1342 ι
1119 1279 1450 1365 exceptis,
1481 1279 1905 1346 continentia
1949 1277 2225 1345 nonnisi
2272 1276 2555 1344 nomina
2604 1277 2926 1344 scandica
2970 1278 3152 1361 fingi

1034 1428 1065 1464 a
1115 1402 1470 1490 potuerint
1521 1406 1679 1488 post
1722 1401 2032 1469 Nestoris
2082 1403 2385 1481 aetatem,
2438 1400 2705 1480 Russis‚
2757 1404 2896 1468 tam
2946 1400 3151 1469 brevi

1029 1555 1062 1592 κ
1114 1533 1454 1616 tempore,
1469 1528 1694 1596 oblitis
1712 1529 1867 1594 haec
1885 1527 2191 1595 nomina.
2211 1526 2600 1594 Affirmanti
2622 1547 2791 1596 vero
2811 1529 2971 1596 ficta
2992 1547 3149 1596 esse

1027 1679 1060 1716 κ
1113 1657 1232 1721 aut
1263 1671 1306 1720 a
1335 1653 1653 1734 Nestore,
1690 1656 1810 1719 aut
1872 1652 2117 1720 saltem
2163 1637 2368 1719 aetate
2406 1651 2741 1732 Nestoris,
2774 1653 3153 1738 responde-

1028 1803 1061 1839 »
1112 1776 1336 1854 bimus
1376 1776 1733 1844 fictionum
1760 1779 2037 1844 aetatem
2065 1776 2139 1843 in
2176 1775 2426 1842 Russia
2457 1775 2669 1858 longe
2706 1794 2857 1842 esse
2889 1794 3151 1842 recen-

1029 1927 1060 1962 2
1112 1901 1361 1969 tiorem
1394 1901 1649 1969 saeculo
1681 1901 1979 1969 decimo.
2030 1927 2060 1961 n
2098 1899 2307 1988 (Mikl.
2333 1900 2610 1984 Proleg.
2642 1902 2719 1968 P.
2752 1897 2877 1987 lx.)

1113 2024 1446 2092 Omnibus
1497 2024 1605 2091 his
1661 2043 1873 2111 supra
1923 2022 2123 2092 dictis
2180 2023 2611 2090 documentis
2667 2043 2869 2090 usum
2935 2022 3150 2090 fuisse

1024 2149 1390 2216 Nestorem
1436 2167 1525 2215 ex
1569 2148 1738 2233 ipsis
1790 2148 2153 2215 annalibus
2194 2150 2487 2214 constat.
2542 2147 2828 2228 Graecis,
2880 2147 2952 2215 id
3010 2151 3146 2227 est,

1024 2271 1404 2355 bulgaricis
1468 2270 1664 2339 libris
1728 2290 1871 2338 non
1948 2275 2134 2338 certe
2214 2271 2574 2354 indigebat
2645 2271 3147 2340 monasterium

1023 2395 1466 2482 peczariense
1523 2399 1761 2482 utpote
1792 2396 1973 2481 quod
2000 2415 2041 2462 a
2062 2396 2819 2483 Constantinopolitano
2848 2397 3149 2483 quodam

1025 2523 1366 2589 monacho
1419 2540 1580 2589 suas
1627 2521 1914 2604 regulas
1959 2524 2345 2608 acceperat.
2395 2523 2641 2588 Nestor
2716 2525 2949 2590 autem
3017 2523 3145 2589 etsi

1026 2646 1319 2733 simplex
1347 2649 1416 2713 et
1441 2646 1733 2729 ignarus
1759 2646 1975 2714 multa
1995 2646 2267 2729 legerat
2290 2664 2309 2729 ;
2359 2665 2693 2730 magnum
2723 2646 2911 2714 enim
2937 2646 3148 2714 libro-

1025 2789 1181 2837 rum
1238 2769 1538 2837 studium
1600 2771 1985 2856 profitetur.
2050 2773 2222 2838 Cum
2283 2769 2667 2857 principem
2716 2771 3148 2838 Jaroslavum

1027 2893 1177 2959 vult
1209 2891 1535 2959 laudare:
1583 2917 1612 2952 «
1648 2892 1983 2979 Princeps
2028 2894 2367 2976 Jaroslav,
2404 2894 2525 2974 ait,
2564 2894 2817 2962 multos
2864 2895 3149 2978 collegit

1027 3017 1327 3100 codiceS,
1349 3017 1602 3086 multos
1625 3037 1662 3084 e
1693 3035 1930 3101 graeco
1955 3036 2273 3085 sermone
2304 3018 2378 3086 in
2405 3018 2719 3102 linguam
2748 3022 2817 3085 et
2844 3019 3149 3105 scriptu-

1027 3159 1180 3208 ram
1212 3139 1632 3208 slavonicam
1679 3139 2051 3206 vertendos
2092 3139 2366 3206 curavit
2396 3153 2411 3205 :
2466 3165 2495 3200 π
2538 3144 2606 3207 et
2647 3141 2859 3208 alias:
2900 3166 2928 3201 «
2962 3141 3148 3208 Mul—

1029 3265 1174 3330 tum
1228 3263 1564 3331 librorum
1591 3262 1885 3331 scientia
1941 3263 2063 3331 tibi
2103 3263 2503 3350 proderit...
2541 3283 2669 3332 nos
2700 3263 2883 3332 enim
2917 3264 3148 3332 aedifi-

1029 3389 1272 3452 cant...
1301 3384 1585 3453 fiumina
1628 3389 1790 3453 sunt
1819 3404 1977 3471 quae
2032 3389 2252 3455 totum
2309 3387 2549 3454 orbem
2581 3387 2961 3471 irrigant...
2988 3392 3150 3456 sunt

1027 3508 1390 3595 sapientiae
1423 3508 1676 3590 fonteS,
1711 3508 1785 3576 in
1806 3509 1965 3578 ·illis
2006 3512 2111 3576 est
2152 3510 2331 3578 mira
2380 3510 2710 3578 altitudo:
2755 3513 2915 3578 sunt
2960 3511 3149 3578 sola-

1026 3629 1198 3697 tium
1251 3629 1530 3712 doloris,
1578 3631 2055 3716 temperantiae
2101 3632 2397 3699 frenum.
2440 3657 2469 3690 ³>
2498 3633 2741 3698 Nonne
2788 3635 2855 3697 te
2903 3651 3147 3699 vocem

1025 3753 1297 3820 romani
1323 3737 1617 3820 oratoris
1644 3754 1909 3820 litteras
1940 3754 2283 3820 laudantis
2316 3753 2556 3820 audire
2593 3754 2836 3821 credas
2858 3748 2922 3820 ¹2

1112 3878 1280 3943 Haec
1304 3876 1492 3943 addit
1530 3878 1826 3962 scriptor
1860 3892 1875 3941 ε
1919 3903 1947 3936 «
1987 3876 2105 3962 qui
2140 3895 2326 3963 saepe
2354 3877 2571 3945 libros
2590 3875 2868 3965 (sacros)
2888 3877 3049 3962 legit
3074 3879 3148 3945 in

1027 4001 1442 4070 commercio
1478 4002 1599 4070 Dei
1645 4005 1716 4069 et
1763 4005 2161 4070 sanctorum
2208 4006 2528 4070 versatur
2569 4017 2584 4067 :
2624 4002 2739 4087 qui
2768 4002 2943 4085 legit
2973 4021 3148 4088 pro-

1025 4123 1392 4208 phetarum
1443 4125 1819 4206 orationeS,
1870 4124 2459 4209 evangelistarum
2538 4128 2606 4191 et
2678 4124 3145 4210 apostolorum

1023 4252 1374 4332 praecepta
1407 4250 1476 4314 et
1504 4250 1789 4315 Patrum
1817 4248 2021 4325 vitas,
2053 4250 2342 4317 multum
2383 4248 2678 4336 proficit.
2737 4276 2767 4310 »

1113 4370 1289 4436 Hinc
1342 4369 1539 4437 vides
1592 4391 1765 4456 quos
1811 4373 2027 4440 libros
2098 4374 2375 4441 assidua
2423 4392 2633 4441 manu
2686 4372 2923 4443 noster
2973 4391 3147 4440 auc-

1101 4537 1116 4567 ¹
1156 4540 1282 4610 Cap.
1311 4543 1386 4594 1v
1416 4544 1498 4595 ud.
1529 4559 1646 4594 nnn.
1677 4551 1802 4597 1017.
1830 4569 1903 4583 --
1930 4543 2016 4600 Ca
2046 4545 2208 4600 Cicer.
2232 4563 2318 4614 pro
2342 4546 2545 4599 Archia.
