3409 5642
1293 647 1578 702 -45—

377 847 548 914 quas
577 830 870 897 noverat
923 827 1169 894 Nestor
1209 825 1458 896 fabulis
1503 825 2005 895 scandinavicis
2031 823 2047 854 ¹
2078 825 2227 912 jam
2262 827 2497 896 mixtae

379 967 536 1021 esse
551 942 933 1022 debebant:
965 949 1264 1038 exempli
1294 950 1544 1034 gratia,
1575 969 1729 1036 quae
1751 951 1837 1018 de
1869 951 2069 1036 Olegi
2096 970 2273 1038 equo
2306 951 2501 1019 fabu-

379 1079 528 1149 losa
551 1095 572 1126 ¹
606 1076 721 1145 vel
750 1077 836 1143 de
862 1075 1257 1162 passeribus
1281 1077 1614 1143 adversus
1637 1076 1871 1144 hostes
1916 1077 2003 1146 ab
2035 1076 2212 1160 Olga
2240 1070 2503 1146 missis’

382 1205 690 1284 enarrat,
726 1200 909 1288 apud
933 1200 1400 1267 Scandinavos
1427 1201 1875 1269 inveniuntur
1892 1213 1939 1268 ὁ.
1967 1202 2073 1270 Ab
2094 1202 2244 1270 istis
2290 1203 2505 1271 canti-

378 1327 599 1408 lenis,
611 1327 863 1393 Nestor
888 1329 1127 1412 utpote
1156 1324 1537 1391 monachus
1579 1325 1959 1392 abhorrere
1992 1325 2320 1410 debebat3
2386 1345 2505 1394 eas

382 1455 622 1536 tamen
655 1450 907 1536 saepius
930 1450 1003 1517 in
1027 1450 1500 1516 narrationem
1549 1469 1745 1516 suam
1779 1450 1891 1516 vel
1920 1449 2179 1518 inscius
2216 1450 2501 1536 recepit.

405 1629 407 1632 Α
473 1575 580 1642 Ad
629 1579 1072 1642 monumenta
1119 1574 1477 1660 hominum
1522 1594 1734 1642 manu
1794 1574 2134 1642 aedificata
2209 1577 2508 1644 recurrit

385 1699 682 1768 libenter
709 1701 960 1766 Nestor
973 1716 993 1781 3
1018 1699 1383 1784 sepulchra
1411 1699 1594 1764 enim
1623 1702 1690 1765 et
1720 1699 1971 1786 templa
1989 1699 2294 1784 aliasque
2320 1700 2509 1768 aedes

390 1827 702 1908 tempore
731 1839 858 1889 suo
888 1797 1162 1888 servata
1195 1820 1566 1905 diligenter
1594 1823 1991 1889 memorat⁸.

481 1948 658 2020 Sunt
687 1947 894 2013 etiam
921 1947 1037 2013 alii
1081 1947 1310 2014 fontes
1350 1967 1443 2014 ex
1494 1948 1744 2032 quibus
1792 1967 1906 2016 res
1959 1948 2216 2031 hausit,
2254 1948 2510 2034 scripta

389 2090 640 2158 nempe
668 2089 826 2156 quae
857 2070 1162 2138 imitatus
1193 2073 1300 2137 est
1331 2074 1450 2137 aut
1477 2089 1771 2156 quorum
1801 2071 2195 2155 fragmenta
2225 2072 2299 2140 in
2346 2091 2513 2140 suos

392 2196 682 2265 annales
726 2195 1018 2262 inseruit
1056 2212 1076 2278 ;
1127 2195 1212 2262 de
1259 2195 1510 2280 quibus
1556 2195 1761 2263 nobis
1814 2196 2107 2282 amplius
2154 2196 2516 2265 disseren-

393 2321 586 2389 dum.

397 2486 402 2494 -
445 2447 763 2526 Nestor,
791 2447 871 2511 ut
902 2447 1104 2511 antea
1130 2442 1297 2522 dixi,
1321 2442 1409 2507 ad
1435 2443 1645 2508 finem
1677 2442 1917 2509 saeculi
1940 2445 2039 2510 XI
2057 2447 2125 2509 et
2158 2442 2354 2544 initio
2386 2461 2515 2511 sae-

395 2564 537 2633 culi
555 2567 697 2633 ‘XII
743 2566 1044 2635 vivebat.
1084 2567 1281 2632 Nono
1309 2568 1541 2632 autem
1576 2564 1833 2633 saeculo
1861 2565 2108 2632 litterae
2144 2564 2517 2652 slavonicae

403 2706 562 2776 quae
605 2691 678 2757 in
713 2690 1048 2772 MoraviA,
1096 2689 1431 2757 librorum
1474 2707 1833 2757 sacrorum
1878 2688 2355 2772 translatione,
2384 2676 2522 2758 flo-

401 2831 677 2882 rescere
711 2814 1140 2900 inceperant,
1194 2815 1353 2904 post
1383 2813 1710 2880 Methodii
1742 2818 2035 2882 mortem
2062 2817 2131 2882 et
2153 2814 2521 2883 Moravicae

405 2937 716 3006 ecclesiae
750 2936 1036 3018 exitum,
1077 2937 1152 3004 in
1170 2935 1572 3018 Bulgariam
1591 2936 2072 3022 migraverunt
2096 2944 2141 3005 ⁸.
2178 2939 2281 3007 Ibi
2308 2938 2525 3007 multa

403 3063 689 3133 fuerunt
724 3063 980 3150 scripta
1003 3080 1215 3148 opera
1235 3080 1529 3148 quorum
1554 3061 1810 3127 servati
1834 3065 1997 3129 sunt
2015 3063 2314 3145 codices,
2333 3064 2432 3132 ita
2447 3069 2526 3132 ut

403 3187 796 3274 praecipuos
809 3185 1190 3269 bulgaricae
1207 3183 1464 3251 scholae
1481 3183 1853 3268 scriptores
1870 3202 2278 3254 enumerare
2293 3186 2519 3253 liceat.

409 3313 702 3380 Sanctus
737 3310 1054 3379 Clemens
1089 3309 1463 3396 scripserat
1500 3306 1848 3391 homilias,
1882 3311 2163 3378 sanctus
2193 3311 2529 3380 Constan-

411 3437 600 3504 tinus
635 3435 720 3502 de
754 3432 1140 3516 evangeliis
1174 3430 1702 3513 commentaria,
1737 3431 2231 3519 Athanasiique
2272 3433 2531 3504 adver-

418 3578 541 3627 sus
584 3559 882 3625 Arianos
945 3574 1118 3642 opus
1164 3556 1238 3624 in
1282 3554 1723 3639 bulgaricam
1760 3547 2151 3626 sermonem
2195 3535 2524 3627 verterat.

2506 3668 2527 3700 ὑ

491 3831 508 3861 ¹
548 3834 715 3904 Sagis.

489 3938 511 3969 ⁸
553 3939 680 4011 Cup.
711 3941 914 3995 XXIII.
999 4014 1004 4019 .

461 4061 468 4070 ·
493 4043 515 4074 ⁸
547 4047 682 4117 Gap
708 4047 857 4100 x-V1.

450 4211 459 4218 .
494 4146 516 4180 ⁴
551 4155 673 4222 Vid.
707 4153 944 4217 Torfm,
971 4153 1104 4208 Ht'st.
1135 4153 1407 4227 Nmoys'ae,
1431 4173 1478 4224 p.
1505 4161 1607 4209 ²715.
1854 4219 1860 4224 ‚

497 4261 681 4314 Kruzo.
729 4258 994 4312 chronicon
1016 4259 1461 4323 Nordmmmm,
1479 4257 1538 4324 θ.
1568 4264 1666 4319 171,
1691 4277 1747 4329 p.
1768 4265 1865 4311 m.

499 4360 520 4392 ⁸
558 4365 676 4416 vid.
707 4361 836 4429 cap.
865 4365 1016 4426 xlv.
1041 4365 1246 4425 xxm,
1278 4363 1507 4425 xxvn.
1545 4363 1799 4424 xxvm,
1836 4363 2539 4429 xxn.11.1V.x.1.vm.

503 4551 524 4582 ⁸
557 4556 677 4610 vid.
701 4572 826 4621 opus
844 4573 1008 4610 meum
1034 4558 1090 4608 de
1121 4557 1306 4622 cyrillo
1334 4567 1381 4609 ee
1406 4521 1671 4622 Mothodio,
1695 4575 1807 4626 cap.
1834 4559 1905 4612 Χ.
1958 4529 1976 4558 ἰ
