<?xml version="1.0" encoding="UTF-8"?>
<!DOCTYPE html PUBLIC "-//W3C//DTD XHTML 1.0 Transitional//EN"
    "http://www.w3.org/TR/xhtml1/DTD/xhtml1-transitional.dtd">
<html xmlns="http://www.w3.org/1999/xhtml" xml:lang="en" lang="en">
 <head>
  <title>
</title>
<meta http-equiv="Content-Type" content="text/html;charset=utf-8" />
  <meta name='ocr-system' content='tesseract 3.04.00' />
  <meta name='ocr-capabilities' content='ocr_page ocr_carea ocr_par ocr_line ocrx_word'/>
</head>
<body>
  <div class='ocr_page' id='page_1' title='image "./denestorererumr01legegoog_0047.png"; bbox 0 0 3409 5642; ppageno 0'>
   <div class='ocr_carea' id='block_1_1' title="bbox 337 699 2523 3148">
    <p class='ocr_par' dir='ltr' id='par_1_1' title="bbox 1315 699 2119 762">
     <span class='ocr_line' id='line_1_1' title="bbox 1315 699 2119 762; baseline 0 -20"><span class='ocrx_word' id='word_1_1' title='bbox 1315 727 1386 742; x_wconf 90' lang='grc'><em>....</em></span> <span class='ocrx_word' id='word_1_2' title='bbox 1423 699 1491 756; x_wconf 65' lang='grc'>35</span> <span class='ocrx_word' id='word_1_3' title='bbox 1528 727 1600 740; x_wconf 87' lang='grc'>....</span> <span class='ocrx_word' id='word_1_4' title='bbox 2114 755 2119 762; x_wconf 38' lang='grc'><em>,</em></span> 
     </span>
    </p>

    <p class='ocr_par' dir='ltr' id='par_1_2' title="bbox 483 819 2519 910">
     <span class='ocr_line' id='line_1_2' title="bbox 483 819 2519 910; baseline 0.002 -24"><span class='ocrx_word' id='word_1_5' title='bbox 483 823 799 892; x_wconf 78' lang='lat' dir='ltr'>:niarium</span> <span class='ocrx_word' id='word_1_6' title='bbox 813 823 1485 910; x_wconf 69' lang='lat' dir='ltr'>ministeriizpuhlicae</span> <span class='ocrx_word' id='word_1_7' title='bbox 1503 819 2229 902; x_wconf 63' lang='lat' dir='ltr'>educationisffwmal</span> <span class='ocrx_word' id='word_1_8' title='bbox 2248 821 2519 892; x_wconf 77' lang='lat' dir='ltr'>minist.</span> 
     </span>
    </p>

    <p class='ocr_par' dir='ltr' id='par_1_3' title="bbox 375 943 2523 1910">
     <span class='ocr_line' id='line_1_3' title="bbox 405 943 2523 1038; baseline -0.001 -19"><span class='ocrx_word' id='word_1_9' title='bbox 405 947 860 1038; x_wconf 71' lang='lat' dir='ltr'>Narodnaqo</span> <span class='ocrx_word' id='word_1_10' title='bbox 883 943 1537 1016; x_wconf 77' lang='lat' dir='ltr'>Prosvieszczenia</span> <span class='ocrx_word' id='word_1_11' title='bbox 1565 947 1703 1013; x_wconf 86' lang='lat' dir='ltr'>vol.</span> <span class='ocrx_word' id='word_1_12' title='bbox 1723 948 1835 1012; x_wconf 83' lang='lat'>98.</span> <span class='ocrx_word' id='word_1_13' title='bbox 1857 948 1941 1012; x_wconf 96' lang='lat' dir='ltr'>II.</span> <span class='ocrx_word' id='word_1_14' title='bbox 1960 947 2047 1012; x_wconf 77' lang='lat'>68</span> <span class='ocrx_word' id='word_1_15' title='bbox 2070 947 2165 1014; x_wconf 91' lang='lat' dir='ltr'>ait</span> <span class='ocrx_word' id='word_1_16' title='bbox 2188 961 2263 1012; x_wconf 58' lang='grc' dir='ltr'>ια</span> <span class='ocrx_word' id='word_1_17' title='bbox 2286 949 2523 1016; x_wconf 86' lang='lat' dir='ltr'>Editor</span> 
     </span>
     <span class='ocr_line' id='line_1_4' title="bbox 401 1074 2521 1154; baseline -0.001 -8"><span class='ocrx_word' id='word_1_18' title='bbox 401 1077 829 1146; x_wconf 80' lang='lat' dir='ltr'>conectionis</span> <span class='ocrx_word' id='word_1_19' title='bbox 849 1077 1271 1144; x_wconf 83' lang='lat' dir='ltr'><strong>russicarum</strong></span> <span class='ocrx_word' id='word_1_20' title='bbox 1298 1076 1646 1145; x_wconf 88' lang='lat' dir='ltr'>annalium</span> <span class='ocrx_word' id='word_1_21' title='bbox 1665 1074 2132 1154; x_wconf 86' lang='lat' dir='ltr'>Berednikov,</span> <span class='ocrx_word' id='word_1_22' title='bbox 2161 1076 2290 1142; x_wconf 90' lang='lat' dir='ltr'>etsi</span> <span class='ocrx_word' id='word_1_23' title='bbox 2308 1078 2521 1143; x_wconf 88' lang='lat' dir='ltr'>multa</span> 
     </span>
     <span class='ocr_line' id='line_1_5' title="bbox 399 1197 2517 1286; baseline -0.001 -18"><span class='ocrx_word' id='word_1_24' title='bbox 399 1203 488 1268; x_wconf 92' lang='lat' dir='ltr'>de</span> <span class='ocrx_word' id='word_1_25' title='bbox 523 1201 808 1269; x_wconf 88' lang='lat' dir='ltr'>scientia</span> <span class='ocrx_word' id='word_1_26' title='bbox 825 1202 1002 1268; x_wconf 89' lang='lat' dir='ltr'>bene</span> <span class='ocrx_word' id='word_1_27' title='bbox 1023 1200 1337 1281; x_wconf 80' lang='lat' dir='ltr'>merituS,</span> <span class='ocrx_word' id='word_1_28' title='bbox 1357 1217 1500 1265; x_wconf 94' lang='lat' dir='ltr'>non</span> <span class='ocrx_word' id='word_1_29' title='bbox 1515 1197 1756 1266; x_wconf 88' lang='lat' dir='ltr'>hahuit</span> <span class='ocrx_word' id='word_1_30' title='bbox 1782 1198 1927 1282; x_wconf 88' lang='lat' dir='ltr'>ipse</span> <span class='ocrx_word' id='word_1_31' title='bbox 1958 1201 2222 1264; x_wconf 90' lang='lat' dir='ltr'>tantum</span> <span class='ocrx_word' id='word_1_32' title='bbox 2256 1201 2517 1286; x_wconf 91' lang='lat' dir='ltr'>tempo-</span> 
     </span>
     <span class='ocr_line' id='line_1_6' title="bbox 379 1323 2517 1407; baseline -0 -16"><span class='ocrx_word' id='word_1_33' title='bbox 379 1325 496 1392; x_wconf 89' lang='lat' dir='ltr'>·ris</span> <span class='ocrx_word' id='word_1_34' title='bbox 529 1328 606 1392; x_wconf 87' lang='lat' dir='ltr'>ut</span> <span class='ocrx_word' id='word_1_35' title='bbox 655 1325 937 1392; x_wconf 90' lang='lat' dir='ltr'>editioni</span> <span class='ocrx_word' id='word_1_36' title='bbox 968 1343 1116 1392; x_wconf 89' lang='lat' dir='ltr'>suae</span> <span class='ocrx_word' id='word_1_37' title='bbox 1147 1323 1606 1392; x_wconf 86' lang='lat' dir='ltr'>sufficientem</span> <span class='ocrx_word' id='word_1_38' title='bbox 1640 1342 1878 1390; x_wconf 89' lang='lat' dir='ltr'>curam</span> <span class='ocrx_word' id='word_1_39' title='bbox 1915 1323 2368 1407; x_wconf 83' lang='lat' dir='ltr'>impenderet,</span> <span class='ocrx_word' id='word_1_40' title='bbox 2401 1325 2517 1390; x_wconf 90' lang='lat' dir='ltr'>ni-</span> 
     </span>
     <span class='ocr_line' id='line_1_7' title="bbox 393 1448 2513 1536; baseline -0.001 -19"><span class='ocrx_word' id='word_1_41' title='bbox 393 1450 661 1536; x_wconf 77' lang='lat' dir='ltr'>misque</span> <span class='ocrx_word' id='word_1_42' title='bbox 691 1450 836 1517; x_wconf 89' lang='lat' dir='ltr'>suis</span> <span class='ocrx_word' id='word_1_43' title='bbox 870 1449 1302 1533; x_wconf 83' lang='lat' dir='ltr'>adjutoribus</span> <span class='ocrx_word' id='word_1_44' title='bbox 1331 1448 1638 1514; x_wconf 90' lang='lat' dir='ltr'>confidit.</span> <span class='ocrx_word' id='word_1_45' title='bbox 1678 1448 1800 1526; x_wconf 90' lang='lat' dir='ltr'>Ea,</span> <span class='ocrx_word' id='word_1_46' title='bbox 1830 1465 2106 1528; x_wconf 90' lang='lat' dir='ltr'>cense0,</span> <span class='ocrx_word' id='word_1_47' title='bbox 2164 1466 2374 1514; x_wconf 89' lang='lat' dir='ltr'>causa</span> <span class='ocrx_word' id='word_1_48' title='bbox 2408 1452 2513 1515; x_wconf 90' lang='lat' dir='ltr'>est</span> 
     </span>
     <span class='ocr_line' id='line_1_8' title="bbox 391 1572 2504 1655; baseline -0.001 -12"><span class='ocrx_word' id='word_1_49' title='bbox 391 1596 518 1643; x_wconf 88' lang='lat' dir='ltr'>cur</span> <span class='ocrx_word' id='word_1_50' title='bbox 533 1576 837 1642; x_wconf 88' lang='lat' dir='ltr'>methodi</span> <span class='ocrx_word' id='word_1_51' title='bbox 868 1574 1201 1654; x_wconf 79' lang='lat' dir='ltr'>defectUS,</span> <span class='ocrx_word' id='word_1_52' title='bbox 1225 1573 1593 1640; x_wconf 89' lang='lat' dir='ltr'>infidelitas</span> <span class='ocrx_word' id='word_1_53' title='bbox 1627 1572 1699 1637; x_wconf 93' lang='lat' dir='ltr'>in</span> <span class='ocrx_word' id='word_1_54' title='bbox 1731 1575 1922 1638; x_wconf 82' lang='lat' dir='ltr'>textu</span> <span class='ocrx_word' id='word_1_55' title='bbox 1951 1573 2504 1655; x_wconf 82' lang='lat' dir='ltr'>transcribendO,</span> 
     </span>
     <span class='ocr_line' id='line_1_9' title="bbox 375 1696 2505 1783; baseline 0 -18"><span class='ocrx_word' id='word_1_56' title='bbox 375 1699 969 1766; x_wconf 79' lang='lat' dir='ltr'>contradictiones</span> <span class='ocrx_word' id='word_1_57' title='bbox 997 1699 1071 1766; x_wconf 92' lang='lat' dir='ltr'>in</span> <span class='ocrx_word' id='word_1_58' title='bbox 1118 1697 1686 1783; x_wconf 82' lang='lat' dir='ltr'>interpretatione</span> <span class='ocrx_word' id='word_1_59' title='bbox 1724 1696 1983 1780; x_wconf 82' lang='lat' dir='ltr'>saepius</span> <span class='ocrx_word' id='word_1_60' title='bbox 2027 1702 2397 1765; x_wconf 88' lang='lat' dir='ltr'>occurrant</span> <span class='ocrx_word' id='word_1_61' title='bbox 2431 1699 2505 1765; x_wconf 93' lang='lat' dir='ltr'>in</span> 
     </span>
     <span class='ocr_line' id='line_1_10' title="bbox 387 1820 2261 1910; baseline -0.004 -21"><span class='ocrx_word' id='word_1_62' title='bbox 387 1823 521 1890; x_wconf 87' lang='lat' dir='ltr'>hoc</span> <span class='ocrx_word' id='word_1_63' title='bbox 549 1841 758 1910; x_wconf 88' lang='lat' dir='ltr'>opere</span> <span class='ocrx_word' id='word_1_64' title='bbox 791 1824 976 1909; x_wconf 87' lang='lat' dir='ltr'>quod</span> <span class='ocrx_word' id='word_1_65' title='bbox 1003 1827 1266 1892; x_wconf 81' lang='lat' dir='ltr'>tantam</span> <span class='ocrx_word' id='word_1_66' title='bbox 1300 1822 1734 1906; x_wconf 85' lang='lat' dir='ltr'>diligentiam</span> <span class='ocrx_word' id='word_1_67' title='bbox 1766 1820 2185 1906; x_wconf 85' lang='lat' dir='ltr'>requirebat.</span> <span class='ocrx_word' id='word_1_68' title='bbox 2232 1848 2261 1882; x_wconf 82' lang='grc'>»</span> 
     </span>
    </p>

    <p class='ocr_par' dir='ltr' id='par_1_4' title="bbox 367 1946 2501 2154">
     <span class='ocr_line' id='line_1_11' title="bbox 475 1946 2501 2028; baseline 0.001 -15"><span class='ocrx_word' id='word_1_69' title='bbox 475 1947 544 2013; x_wconf 83' lang='lat'>5⁰</span> <span class='ocrx_word' id='word_1_70' title='bbox 595 1947 938 2014; x_wconf 89' lang='lat' dir='ltr'>Chronica</span> <span class='ocrx_word' id='word_1_71' title='bbox 990 1947 1298 2015; x_wconf 84' lang='lat' dir='ltr'>Nestoris</span> <span class='ocrx_word' id='word_1_72' title='bbox 1326 1997 1345 2028; x_wconf 99' lang='lat'>,</span> <span class='ocrx_word' id='word_1_73' title='bbox 1404 1951 1665 2014; x_wconf 87' lang='lat' dir='ltr'>textum</span> <span class='ocrx_word' id='word_1_74' title='bbox 1733 1946 2453 2016; x_wconf 86' lang='lat' dir='ltr'>russico·slovenicum</span> <span class='ocrx_word' id='word_1_75' title='bbox 2484 1961 2501 1992; x_wconf 87' lang='lat'>¹</span> 
     </span>
     <span class='ocr_line' id='line_1_12' title="bbox 367 2072 1723 2154; baseline 0.001 -16"><span class='ocrx_word' id='word_1_76' title='bbox 367 2073 596 2140; x_wconf 85' lang='lat' dir='ltr'>-edidit</span> <span class='ocrx_word' id='word_1_77' title='bbox 619 2073 1004 2154; x_wconf 88' lang='lat' dir='ltr'>Miklosich,</span> <span class='ocrx_word' id='word_1_78' title='bbox 1037 2074 1237 2153; x_wconf 83' lang='lat' dir='ltr'>in-80,</span> <span class='ocrx_word' id='word_1_79' title='bbox 1268 2072 1723 2139; x_wconf 83' lang='lat' dir='ltr'>Vindobonae.</span> 
     </span>
    </p>

    <p class='ocr_par' dir='ltr' id='par_1_5' title="bbox 353 2197 2493 2532">
     <span class='ocr_line' id='line_1_13' title="bbox 470 2197 2493 2282; baseline 0.002 -21"><span class='ocrx_word' id='word_1_80' title='bbox 470 2197 704 2264; x_wconf 90' lang='lat' dir='ltr'>Editor</span> <span class='ocrx_word' id='word_1_81' title='bbox 747 2201 1012 2265; x_wconf 84' lang='lat' dir='ltr'>textum</span> <span class='ocrx_word' id='word_1_82' title='bbox 1053 2215 1327 2282; x_wconf 86' lang='lat' dir='ltr'>quoque</span> <span class='ocrx_word' id='word_1_83' title='bbox 1375 2197 1871 2265; x_wconf 86' lang='lat' dir='ltr'>Laurentinum</span> <span class='ocrx_word' id='word_1_84' title='bbox 1902 2197 2239 2282; x_wconf 88' lang='lat' dir='ltr'>sequitur,</span> <span class='ocrx_word' id='word_1_85' title='bbox 2284 2198 2493 2266; x_wconf 92' lang='lat' dir='ltr'>nimis</span> 
     </span>
     <span class='ocr_line' id='line_1_14' title="bbox 377 2320 2490 2408; baseline 0.001 -21"><span class='ocrx_word' id='word_1_86' title='bbox 377 2324 608 2388; x_wconf 90' lang='lat' dir='ltr'>autem</span> <span class='ocrx_word' id='word_1_87' title='bbox 632 2321 949 2401; x_wconf 89' lang='lat' dir='ltr'>fideliter,</span> <span class='ocrx_word' id='word_1_88' title='bbox 979 2339 1142 2388; x_wconf 91' lang='lat' dir='ltr'>nam</span> <span class='ocrx_word' id='word_1_89' title='bbox 1170 2320 1496 2408; x_wconf 90' lang='lat' dir='ltr'>in.ipsum</span> <span class='ocrx_word' id='word_1_90' title='bbox 1530 2324 1791 2388; x_wconf 81' lang='lat' dir='ltr'>textum</span> <span class='ocrx_word' id='word_1_91' title='bbox 1816 2322 1999 2388; x_wconf 89' lang='lat' dir='ltr'>haud</span> <span class='ocrx_word' id='word_1_92' title='bbox 2030 2322 2237 2389; x_wconf 87' lang='lat' dir='ltr'>dubia</span> <span class='ocrx_word' id='word_1_93' title='bbox 2265 2322 2490 2390; x_wconf 90' lang='lat' dir='ltr'>inter—</span> 
     </span>
     <span class='ocr_line' id='line_1_15' title="bbox 353 2438 2172 2532; baseline -0.001 -20"><span class='ocrx_word' id='word_1_94' title='bbox 353 2447 768 2532; x_wconf 86' lang='lat' dir='ltr'>·polamenta</span> <span class='ocrx_word' id='word_1_95' title='bbox 793 2445 1111 2526; x_wconf 90' lang='lat' dir='ltr'>inseruit,</span> <span class='ocrx_word' id='word_1_96' title='bbox 1148 2444 1332 2529; x_wconf 89' lang='lat' dir='ltr'>quod</span> <span class='ocrx_word' id='word_1_97' title='bbox 1352 2444 1502 2529; x_wconf 85' lang='lat' dir='ltr'>ipse</span> <span class='ocrx_word' id='word_1_98' title='bbox 1534 2444 1811 2529; x_wconf 86' lang='lat' dir='ltr'>quidem</span> <span class='ocrx_word' id='word_1_99' title='bbox 1842 2445 2093 2511; x_wconf 88' lang='lat' dir='ltr'>fatetur</span> <span class='ocrx_word' id='word_1_100' title='bbox 2128 2438 2172 2511; x_wconf 83' lang='lat'>².</span> 
     </span>
    </p>

    <p class='ocr_par' dir='ltr' id='par_1_6' title="bbox 365 2568 2485 3027">
     <span class='ocr_line' id='line_1_16' title="bbox 461 2568 2485 2652; baseline 0 -18"><span class='ocrx_word' id='word_1_101' title='bbox 461 2569 759 2650; x_wconf 83' lang='lat' dir='ltr'>Primus,</span> <span class='ocrx_word' id='word_1_102' title='bbox 793 2568 1097 2635; x_wconf 86' lang='lat' dir='ltr'>Nestoris</span> <span class='ocrx_word' id='word_1_103' title='bbox 1126 2571 1388 2636; x_wconf 85' lang='lat' dir='ltr'>textum</span> <span class='ocrx_word' id='word_1_104' title='bbox 1422 2569 1510 2634; x_wconf 90' lang='lat' dir='ltr'>ad</span> <span class='ocrx_word' id='word_1_105' title='bbox 1538 2569 1822 2651; x_wconf 90' lang='lat' dir='ltr'>regulas</span> <span class='ocrx_word' id='word_1_106' title='bbox 1854 2569 2325 2652; x_wconf 79' lang='lat' dir='ltr'>grammaticae</span> <span class='ocrx_word' id='word_1_107' title='bbox 2362 2589 2485 2636; x_wconf 88' lang='lat' dir='ltr'>re-</span> 
     </span>
     <span class='ocr_line' id='line_1_17' title="bbox 371 2689 2479 2777; baseline 0 -21"><span class='ocrx_word' id='word_1_108' title='bbox 371 2689 626 2758; x_wconf 84' lang='lat' dir='ltr'>ducere</span> <span class='ocrx_word' id='word_1_109' title='bbox 655 2692 985 2760; x_wconf 78' lang='lat' dir='ltr'>tentavit:</span> <span class='ocrx_word' id='word_1_110' title='bbox 1022 2691 1343 2774; x_wconf 79' lang='lat' dir='ltr'>arguitur</span> <span class='ocrx_word' id='word_1_111' title='bbox 1358 2694 1615 2773; x_wconf 87' lang='lat' dir='ltr'>autem,</span> <span class='ocrx_word' id='word_1_112' title='bbox 1649 2696 1728 2758; x_wconf 91' lang='lat' dir='ltr'>ut</span> <span class='ocrx_word' id='word_1_113' title='bbox 1746 2694 1895 2775; x_wconf 83' lang='lat' dir='ltr'>jam</span> <span class='ocrx_word' id='word_1_114' title='bbox 1924 2711 2133 2777; x_wconf 89' lang='lat' dir='ltr'>supra</span> <span class='ocrx_word' id='word_1_115' title='bbox 2157 2692 2479 2772; x_wconf 88' lang='lat' dir='ltr'>diximus,</span> 
     </span>
     <span class='ocr_line' id='line_1_18' title="bbox 370 2815 2482 2902; baseline 0.002 -22"><span class='ocrx_word' id='word_1_116' title='bbox 370 2815 518 2900; x_wconf 91' lang='lat' dir='ltr'>ipse</span> <span class='ocrx_word' id='word_1_117' title='bbox 567 2816 697 2882; x_wconf 87' lang='lat' dir='ltr'>sibi</span> <span class='ocrx_word' id='word_1_118' title='bbox 741 2816 1033 2883; x_wconf 90' lang='lat' dir='ltr'>nimium</span> <span class='ocrx_word' id='word_1_119' title='bbox 1070 2817 1434 2884; x_wconf 86' lang='lat' dir='ltr'>confidisse</span> <span class='ocrx_word' id='word_1_120' title='bbox 1471 2833 1487 2882; x_wconf 87' lang='lat'>:</span> <span class='ocrx_word' id='word_1_121' title='bbox 1534 2819 1852 2902; x_wconf 87' lang='lat' dir='ltr'>quaedam</span> <span class='ocrx_word' id='word_1_122' title='bbox 1904 2823 2115 2900; x_wconf 91' lang='lat' dir='ltr'>recte,</span> <span class='ocrx_word' id='word_1_123' title='bbox 2158 2818 2373 2884; x_wconf 89' lang='lat' dir='ltr'>multa</span> <span class='ocrx_word' id='word_1_124' title='bbox 2402 2818 2482 2884; x_wconf 93' lang='lat' dir='ltr'>li-</span> 
     </span>
     <span class='ocr_line' id='line_1_19' title="bbox 365 2938 2479 3027; baseline 0.002 -23"><span class='ocrx_word' id='word_1_125' title='bbox 365 2938 600 3006; x_wconf 88' lang='lat' dir='ltr'>berius</span> <span class='ocrx_word' id='word_1_126' title='bbox 653 2941 942 3024; x_wconf 83' lang='lat' dir='ltr'>corrigit</span> <span class='ocrx_word' id='word_1_127' title='bbox 988 2939 1032 3007; x_wconf 86' lang='lat'>⁸.</span> <span class='ocrx_word' id='word_1_128' title='bbox 1072 2944 1365 3008; x_wconf 62' lang='lat' dir='ltr'>zTextum</span> <span class='ocrx_word' id='word_1_129' title='bbox 1413 2943 1546 3008; x_wconf 90' lang='lat' dir='ltr'>tria</span> <span class='ocrx_word' id='word_1_130' title='bbox 1591 2947 1969 3027; x_wconf 84' lang='lat' dir='ltr'>sequuntur</span> <span class='ocrx_word' id='word_1_131' title='bbox 2016 2943 2479 3009; x_wconf 88' lang='lat' dir='ltr'>additamenta</span> 
     </span>
    </p>

    <p class='ocr_par' dir='ltr' id='par_1_7' title="bbox 337 3063 2476 3148">
     <span class='ocr_line' id='line_1_20' title="bbox 337 3063 2476 3148; baseline 0 -18"><span class='ocrx_word' id='word_1_132' title='bbox 337 3081 656 3147; x_wconf 86' lang='lat' dir='ltr'>-quorum</span> <span class='ocrx_word' id='word_1_133' title='bbox 681 3083 888 3132; x_wconf 89' lang='lat' dir='ltr'>nemo</span> <span class='ocrx_word' id='word_1_134' title='bbox 919 3065 1207 3148; x_wconf 86' lang='lat' dir='ltr'>negabit</span> <span class='ocrx_word' id='word_1_135' title='bbox 1234 3065 1638 3132; x_wconf 82' lang='lat' dir='ltr'>utilitatem:</span> <span class='ocrx_word' id='word_1_136' title='bbox 1671 3069 1738 3131; x_wconf 83' lang='grc' dir='ltr'>1ο</span> <span class='ocrx_word' id='word_1_137' title='bbox 1764 3063 1945 3132; x_wconf 82' lang='lat' dir='ltr'>Loci</span> <span class='ocrx_word' id='word_1_138' title='bbox 1974 3063 2476 3132; x_wconf 77' lang='lat' dir='ltr'>chronicorum</span> 
     </span>
    </p>
   </div>
   <div class='ocr_carea' id='block_1_2' title="bbox 355 3393 2468 3559">
    <p class='ocr_par' dir='ltr' id='par_1_8' title="bbox 355 3393 2468 3559">
     <span class='ocr_line' id='line_1_21' title="bbox 431 3393 2468 3469; baseline 0 -18"><span class='ocrx_word' id='word_1_139' title='bbox 431 3393 448 3423; x_wconf 83' lang='lat'><strong>¹</strong></span> <span class='ocrx_word' id='word_1_140' title='bbox 483 3401 544 3450; x_wconf 96' lang='lat' dir='ltr'>Id</span> <span class='ocrx_word' id='word_1_141' title='bbox 567 3409 644 3451; x_wconf 81' lang='lat' dir='ltr'>est</span> <span class='ocrx_word' id='word_1_142' title='bbox 665 3400 968 3451; x_wconf 83' lang='lat' dir='ltr'>slavonicum</span> <span class='ocrx_word' id='word_1_143' title='bbox 1000 3423 1010 3449; x_wconf 88' lang='lat'>:</span> <span class='ocrx_word' id='word_1_144' title='bbox 1047 3397 1317 3449; x_wconf 87' lang='lat' dir='ltr'>Miklosich</span> <span class='ocrx_word' id='word_1_145' title='bbox 1345 3414 1519 3466; x_wconf 82' lang='lat' dir='ltr'>nempe</span> <span class='ocrx_word' id='word_1_146' title='bbox 1546 3401 1831 3451; x_wconf 82' lang='lat' dir='ltr'>hodiernam</span> <span class='ocrx_word' id='word_1_147' title='bbox 1863 3403 2085 3469; x_wconf 86' lang='lat' dir='ltr'>linguam</span> <span class='ocrx_word' id='word_1_148' title='bbox 2123 3401 2415 3452; x_wconf 84' lang='lat' dir='ltr'>slovenicam</span> <span class='ocrx_word' id='word_1_149' title='bbox 2440 3419 2468 3452; x_wconf 78' lang='lat' dir='ltr'>a</span> 
     </span>
     <span class='ocr_line' id='line_1_22' title="bbox 355 3488 2210 3559; baseline 0.002 -22"><span class='ocrx_word' id='word_1_150' title='bbox 355 3489 517 3559; x_wconf 81' lang='lat' dir='ltr'>prisca</span> <span class='ocrx_word' id='word_1_151' title='bbox 539 3490 790 3540; x_wconf 85' lang='lat' dir='ltr'>slavonica</span> <span class='ocrx_word' id='word_1_152' title='bbox 812 3491 1013 3538; x_wconf 89' lang='lat' dir='ltr'>minime</span> <span class='ocrx_word' id='word_1_153' title='bbox 1039 3488 1232 3539; x_wconf 83' lang='lat' dir='ltr'>differre</span> <span class='ocrx_word' id='word_1_154' title='bbox 1255 3491 1520 3540; x_wconf 83' lang='lat' dir='ltr'>existimat.</span> <span class='ocrx_word' id='word_1_155' title='bbox 1542 3515 1614 3524; x_wconf 92' lang='lat'>—</span> <span class='ocrx_word' id='word_1_156' title='bbox 1639 3490 1771 3540; x_wconf 87' lang='lat' dir='ltr'>Vide</span> <span class='ocrx_word' id='word_1_157' title='bbox 1799 3496 1908 3556; x_wconf 79' lang='lat' dir='ltr'>ejus</span> <span class='ocrx_word' id='word_1_158' title='bbox 1938 3490 2210 3542; x_wconf 71' lang='lat' dir='ltr'>Lautlelaro.</span> 
     </span>
    </p>
   </div>
   <div class='ocr_carea' id='block_1_3' title="bbox 426 3588 851 3661">
    <p class='ocr_par' dir='ltr' id='par_1_9' title="bbox 426 3588 851 3661">
     <span class='ocr_line' id='line_1_23' title="bbox 426 3588 851 3661; baseline -0.005 -15"><span class='ocrx_word' id='word_1_159' title='bbox 426 3588 446 3618; x_wconf 75' lang='lat'>²</span> <span class='ocrx_word' id='word_1_160' title='bbox 483 3593 606 3661; x_wconf 83' lang='lat' dir='ltr'>Cep.</span> <span class='ocrx_word' id='word_1_161' title='bbox 629 3593 851 3646; x_wconf 88' lang='lat' dir='ltr'>LXXX.</span> 
     </span>
    </p>
   </div>
   <div class='ocr_carea' id='block_1_4' title="bbox 339 3693 2471 4038">
    <p class='ocr_par' dir='ltr' id='par_1_10' title="bbox 339 3693 2471 4038">
     <span class='ocr_line' id='line_1_24' title="bbox 425 3693 2465 3772; baseline 0.002 -20"><span class='ocrx_word' id='word_1_162' title='bbox 425 3693 448 3725; x_wconf 80' lang='lat'>⁸</span> <span class='ocrx_word' id='word_1_163' title='bbox 482 3701 711 3768; x_wconf 85' lang='lat' dir='ltr'>Exempli</span> <span class='ocrx_word' id='word_1_164' title='bbox 734 3707 891 3770; x_wconf 83' lang='lat' dir='ltr'>gratia</span> <span class='ocrx_word' id='word_1_165' title='bbox 926 3722 1025 3755; x_wconf 89' lang='lat' dir='ltr'>non</span> <span class='ocrx_word' id='word_1_166' title='bbox 1058 3706 1271 3756; x_wconf 82' lang='lat' dir='ltr'>admittit</span> <span class='ocrx_word' id='word_1_167' title='bbox 1298 3705 1558 3758; x_wconf 81' lang='lat' dir='ltr'>Nestorem</span> <span class='ocrx_word' id='word_1_168' title='bbox 1589 3705 1785 3762; x_wconf 81' lang='lat' dir='ltr'>nasales</span> <span class='ocrx_word' id='word_1_169' title='bbox 1818 3707 2029 3756; x_wconf 82' lang='lat' dir='ltr'>slavicas</span> <span class='ocrx_word' id='word_1_170' title='bbox 2056 3705 2249 3756; x_wconf 85' lang='lat' dir='ltr'>vocales</span> <span class='ocrx_word' id='word_1_171' title='bbox 2282 3721 2390 3772; x_wconf 71' lang='lat' dir='ltr'>quae</span> <span class='ocrx_word' id='word_1_172' title='bbox 2412 3708 2465 3756; x_wconf 88' lang='lat' dir='ltr'>in</span> 
     </span>
     <span class='ocr_line' id='line_1_25' title="bbox 349 3789 2464 3862; baseline 0.002 -20"><span class='ocrx_word' id='word_1_173' title='bbox 349 3792 525 3858; x_wconf 83' lang='lat' dir='ltr'>lingua</span> <span class='ocrx_word' id='word_1_174' title='bbox 556 3789 818 3843; x_wconf 77' lang='lat' dir='ltr'>slavonica</span> <span class='ocrx_word' id='word_1_175' title='bbox 869 3795 1004 3852; x_wconf 85' lang='lat' dir='ltr'>olim,</span> <span class='ocrx_word' id='word_1_176' title='bbox 1051 3797 1103 3844; x_wconf 92' lang='lat' dir='ltr'>in</span> <span class='ocrx_word' id='word_1_177' title='bbox 1126 3795 1350 3862; x_wconf 86' lang='lat' dir='ltr'>polonica</span> <span class='ocrx_word' id='word_1_178' title='bbox 1381 3795 1526 3846; x_wconf 87' lang='lat' dir='ltr'>hodie</span> <span class='ocrx_word' id='word_1_179' title='bbox 1554 3803 1751 3845; x_wconf 88' lang='lat' dir='ltr'>exstant</span> <span class='ocrx_word' id='word_1_180' title='bbox 1772 3799 1985 3846; x_wconf 87' lang='lat' dir='ltr'>novisse.</span> <span class='ocrx_word' id='word_1_181' title='bbox 2019 3795 2279 3847; x_wconf 88' lang='lat' dir='ltr'>Recentior</span> <span class='ocrx_word' id='word_1_182' title='bbox 2304 3804 2464 3846; x_wconf 83' lang='lat' dir='ltr'>autem</span> 
     </span>
     <span class='ocr_line' id='line_1_26' title="bbox 350 3865 2471 3948; baseline 0.003 -22"><span class='ocrx_word' id='word_1_183' title='bbox 350 3877 506 3927; x_wconf 85' lang='lat' dir='ltr'>editor</span> <span class='ocrx_word' id='word_1_184' title='bbox 531 3877 802 3928; x_wconf 87' lang='lat' dir='ltr'>Bielowski</span> <span class='ocrx_word' id='word_1_185' title='bbox 834 3883 1144 3945; x_wconf 81' lang='lat' dir='ltr'>gravissimis</span> <span class='ocrx_word' id='word_1_186' title='bbox 1176 3884 1412 3948; x_wconf 87' lang='lat' dir='ltr'>exemplis</span> <span class='ocrx_word' id='word_1_187' title='bbox 1449 3883 1707 3934; x_wconf 88' lang='lat' dir='ltr'>Nestorem</span> <span class='ocrx_word' id='word_1_188' title='bbox 1735 3884 1814 3934; x_wconf 89' lang='lat' dir='ltr'>his</span> <span class='ocrx_word' id='word_1_189' title='bbox 1848 3884 2101 3934; x_wconf 83' lang='lat' dir='ltr'>nasalibus</span> <span class='ocrx_word' id='word_1_190' title='bbox 2132 3887 2206 3934; x_wconf 92' lang='lat' dir='ltr'>uti</span> <span class='ocrx_word' id='word_1_191' title='bbox 2234 3865 2471 3934; x_wconf 49' lang='lat' dir='ltr'>debuisse·</span> 
     </span>
     <span class='ocr_line' id='line_1_27' title="bbox 339 3967 2459 4038; baseline 0.003 -22"><span class='ocrx_word' id='word_1_192' title='bbox 339 3967 714 4018; x_wconf 66' lang='lat' dir='ltr'>demonstravit.</span> <span class='ocrx_word' id='word_1_193' title='bbox 749 3967 1092 4020; x_wconf 78' lang='lat' dir='ltr'>Grammaticae</span> <span class='ocrx_word' id='word_1_194' title='bbox 1125 3968 1334 4020; x_wconf 79' lang='lat' dir='ltr'>Slavicae</span> <span class='ocrx_word' id='word_1_195' title='bbox 1360 3973 1578 4022; x_wconf 89' lang='lat' dir='ltr'>curiosos</span> <span class='ocrx_word' id='word_1_196' title='bbox 1601 3973 1662 4022; x_wconf 82' lang='lat' dir='ltr'>ad</span> <span class='ocrx_word' id='word_1_197' title='bbox 1686 3973 2077 4024; x_wconf 85' lang='lat' dir='ltr'>dissertationem</span> <span class='ocrx_word' id='word_1_198' title='bbox 2106 3989 2255 4038; x_wconf 84' lang='lat' dir='ltr'>supra</span> <span class='ocrx_word' id='word_1_199' title='bbox 2282 3973 2459 4022; x_wconf 83' lang='lat' dir='ltr'>dictam</span> 
     </span>
    </p>
   </div>
   <div class='ocr_carea' id='block_1_5' title="bbox 341 4053 2459 4486">
    <p class='ocr_par' dir='ltr' id='par_1_11' title="bbox 345 4053 2459 4197">
     <span class='ocr_line' id='line_1_28' title="bbox 345 4053 2459 4131; baseline 0.004 -27"><span class='ocrx_word' id='word_1_200' title='bbox 345 4053 648 4106; x_wconf 86' lang='lat' dir='ltr'>Miklosichii</span> <span class='ocrx_word' id='word_1_201' title='bbox 695 4063 900 4125; x_wconf 83' lang='lat' dir='ltr'>ejusque</span> <span class='ocrx_word' id='word_1_202' title='bbox 954 4060 1286 4126; x_wconf 76' lang='lat' dir='ltr'>praesationem</span> <span class='ocrx_word' id='word_1_203' title='bbox 1329 4069 1378 4111; x_wconf 85' lang='lat' dir='ltr'>et</span> <span class='ocrx_word' id='word_1_204' title='bbox 1421 4060 1693 4123; x_wconf 73' lang='lat' dir='ltr'>Loeutlekre,</span> <span class='ocrx_word' id='word_1_205' title='bbox 1745 4070 1793 4112; x_wconf 87' lang='lat' dir='ltr'>et</span> <span class='ocrx_word' id='word_1_206' title='bbox 1823 4063 2094 4113; x_wconf 87' lang='lat' dir='ltr'>Bielowski</span> <span class='ocrx_word' id='word_1_207' title='bbox 2127 4063 2459 4131; x_wconf 85' lang='lat' dir='ltr'>praefationem</span> 
     </span>
     <span class='ocr_line' id='line_1_29' title="bbox 345 4146 654 4197; baseline 0.016 -5"><span class='ocrx_word' id='word_1_208' title='bbox 345 4146 654 4197; x_wconf 86' lang='lat' dir='ltr'>remittimus.</span> 
     </span>
    </p>

    <p class='ocr_par' dir='ltr' id='par_1_12' title="bbox 341 4230 2455 4486">
     <span class='ocr_line' id='line_1_30' title="bbox 415 4230 2452 4308; baseline 0.005 -26"><span class='ocrx_word' id='word_1_209' title='bbox 415 4230 642 4285; x_wconf 83' lang='lat' dir='ltr'>Praefatio</span> <span class='ocrx_word' id='word_1_210' title='bbox 687 4235 991 4288; x_wconf 86' lang='lat' dir='ltr'>Miklosichii</span> <span class='ocrx_word' id='word_1_211' title='bbox 1035 4238 1186 4288; x_wconf 84' lang='lat' dir='ltr'>latine</span> <span class='ocrx_word' id='word_1_212' title='bbox 1240 4241 1420 4304; x_wconf 85' lang='lat' dir='ltr'>scripta</span> <span class='ocrx_word' id='word_1_213' title='bbox 1443 4240 1725 4290; x_wconf 83' lang='lat' dir='ltr'>doctissima</span> <span class='ocrx_word' id='word_1_214' title='bbox 1756 4240 1971 4307; x_wconf 86' lang='lat' dir='ltr'>quidem,</span> <span class='ocrx_word' id='word_1_215' title='bbox 2010 4242 2098 4291; x_wconf 90' lang='lat' dir='ltr'>sed</span> <span class='ocrx_word' id='word_1_216' title='bbox 2126 4241 2311 4308; x_wconf 82' lang='lat' dir='ltr'>linguae</span> <span class='ocrx_word' id='word_1_217' title='bbox 2354 4242 2452 4292; x_wconf 82' lang='lat' dir='ltr'>sle-</span> 
     </span>
     <span class='ocr_line' id='line_1_31' title="bbox 341 4321 2455 4395; baseline 0.006 -26"><span class='ocrx_word' id='word_1_218' title='bbox 341 4321 464 4372; x_wconf 78' lang='lat' dir='ltr'>vicoe</span> <span class='ocrx_word' id='word_1_219' title='bbox 483 4323 689 4376; x_wconf 83' lang='lat' dir='ltr'>rudibus</span> <span class='ocrx_word' id='word_1_220' title='bbox 705 4343 880 4392; x_wconf 84' lang='lat' dir='ltr'>parum</span> <span class='ocrx_word' id='word_1_221' title='bbox 901 4327 1044 4377; x_wconf 87' lang='lat' dir='ltr'>credo</span> <span class='ocrx_word' id='word_1_222' title='bbox 1065 4329 1328 4395; x_wconf 81' lang='lat' dir='ltr'>voluptatis</span> <span class='ocrx_word' id='word_1_223' title='bbox 1353 4328 1545 4386; x_wconf 84' lang='lat' dir='ltr'>afferet;</span> <span class='ocrx_word' id='word_1_224' title='bbox 1583 4329 1737 4378; x_wconf 88' lang='lat' dir='ltr'>multa</span> <span class='ocrx_word' id='word_1_225' title='bbox 1773 4331 1827 4380; x_wconf 89' lang='lat' dir='ltr'>in</span> <span class='ocrx_word' id='word_1_226' title='bbox 1859 4347 1917 4379; x_wconf 86' lang='lat' dir='ltr'>ea</span> <span class='ocrx_word' id='word_1_227' title='bbox 1946 4330 2125 4382; x_wconf 84' lang='lat' dir='ltr'>desunt</span> <span class='ocrx_word' id='word_1_228' title='bbox 2150 4354 2161 4380; x_wconf 70' lang='grc' dir='ltr'>ε</span> <span class='ocrx_word' id='word_1_229' title='bbox 2186 4331 2455 4382; x_wconf 85' lang='lat' dir='ltr'>Miklosich</span> 
     </span>
     <span class='ocr_line' id='line_1_32' title="bbox 343 4414 2453 4486; baseline 0.001 -18"><span class='ocrx_word' id='word_1_230' title='bbox 343 4419 517 4478; x_wconf 69' lang='lat' dir='ltr'>ptaeter</span> <span class='ocrx_word' id='word_1_231' title='bbox 537 4417 902 4480; x_wconf 74' lang='lat' dir='ltr'>grammaticam</span> <span class='ocrx_word' id='word_1_232' title='bbox 921 4417 1046 4468; x_wconf 88' lang='lat' dir='ltr'>nihil</span> <span class='ocrx_word' id='word_1_233' title='bbox 1065 4425 1150 4467; x_wconf 85' lang='lat' dir='ltr'>aut</span> <span class='ocrx_word' id='word_1_234' title='bbox 1174 4418 1272 4468; x_wconf 86' lang='lat' dir='ltr'>fere</span> <span class='ocrx_word' id='word_1_235' title='bbox 1296 4419 1422 4468; x_wconf 89' lang='lat' dir='ltr'>nihil</span> <span class='ocrx_word' id='word_1_236' title='bbox 1446 4426 1599 4468; x_wconf 86' lang='lat' dir='ltr'>curat.</span> <span class='ocrx_word' id='word_1_237' title='bbox 1639 4419 1719 4468; x_wconf 93' lang='lat' dir='ltr'>De</span> <span class='ocrx_word' id='word_1_238' title='bbox 1741 4419 1827 4470; x_wconf 84' lang='lat' dir='ltr'>illa</span> <span class='ocrx_word' id='word_1_239' title='bbox 1862 4414 2093 4470; x_wconf 85' lang='lat' dir='ltr'>Editione</span> <span class='ocrx_word' id='word_1_240' title='bbox 2120 4437 2286 4473; x_wconf 83' lang='lat' dir='ltr'>severe</span> <span class='ocrx_word' id='word_1_241' title='bbox 2307 4421 2453 4486; x_wconf 80' lang='lat' dir='ltr'>judi-</span> 
     </span>
    </p>
   </div>
   <div class='ocr_carea' id='block_1_6' title="bbox 342 4502 2451 4663">
    <p class='ocr_par' dir='ltr' id='par_1_13' title="bbox 342 4502 2451 4663">
     <span class='ocr_line' id='line_1_33' title="bbox 342 4502 2451 4576; baseline 0.007 -29"><span class='ocrx_word' id='word_1_242' title='bbox 342 4509 574 4551; x_wconf 79' lang='lat' dir='ltr'>ceverunt</span> <span class='ocrx_word' id='word_1_243' title='bbox 599 4502 868 4556; x_wconf 87' lang='lat' dir='ltr'>Bielowski</span> <span class='ocrx_word' id='word_1_244' title='bbox 889 4523 970 4573; x_wconf 86' lang='lat' dir='ltr'>op.</span> <span class='ocrx_word' id='word_1_245' title='bbox 991 4509 1076 4558; x_wconf 83' lang='lat' dir='ltr'>cit.</span> <span class='ocrx_word' id='word_1_246' title='bbox 1094 4524 1143 4574; x_wconf 89' lang='lat' dir='ltr'>p.</span> <span class='ocrx_word' id='word_1_247' title='bbox 1172 4512 1273 4564; x_wconf 75' lang='lat'>5483</span> <span class='ocrx_word' id='word_1_248' title='bbox 1299 4507 1682 4574; x_wconf 83' lang='lat' dir='ltr'>Encyclopedija</span> <span class='ocrx_word' id='word_1_249' title='bbox 1709 4510 2049 4574; x_wconf 77' lang='lat' dir='ltr'>powszechna‚</span> <span class='ocrx_word' id='word_1_250' title='bbox 2086 4511 2451 4576; x_wconf 76' lang='lat' dir='ltr'>Enoyclopaedia</span> 
     </span>
     <span class='ocr_line' id='line_1_34' title="bbox 344 4585 1819 4663; baseline 0.007 -27"><span class='ocrx_word' id='word_1_251' title='bbox 344 4585 575 4640; x_wconf 78' lang='lat' dir='ltr'>Polonica</span> <span class='ocrx_word' id='word_1_252' title='bbox 595 4605 712 4642; x_wconf 86' lang='lat' dir='ltr'>voce</span> <span class='ocrx_word' id='word_1_253' title='bbox 731 4592 928 4653; x_wconf 85' lang='lat' dir='ltr'>Nestor,</span> <span class='ocrx_word' id='word_1_254' title='bbox 951 4595 1118 4646; x_wconf 84' lang='lat' dir='ltr'>Erben</span> <span class='ocrx_word' id='word_1_255' title='bbox 1143 4597 1194 4646; x_wconf 87' lang='lat' dir='ltr'>in</span> <span class='ocrx_word' id='word_1_256' title='bbox 1216 4596 1514 4662; x_wconf 72' lang='lat' dir='ltr'>praesetione‚</span> <span class='ocrx_word' id='word_1_257' title='bbox 1544 4614 1591 4663; x_wconf 90' lang='lat' dir='ltr'>p.</span> <span class='ocrx_word' id='word_1_258' title='bbox 1628 4601 1696 4655; x_wconf 79' lang='lat'>16,</span> <span class='ocrx_word' id='word_1_259' title='bbox 1726 4605 1819 4648; x_wconf 85' lang='lat' dir='ltr'>etc.</span> 
     </span>
    </p>
   </div>
   <div class='ocr_carea' id='block_1_7' title="bbox 3389 2935 3407 3443">
    <p class='ocr_par' dir='ltr' id='par_1_14' title="bbox 3389 2935 3407 3443">
     <span class='ocr_line' id='line_1_35' title="bbox 3389 2935 3407 3443; baseline 0 0"><span class='ocrx_word' id='word_1_260' title='bbox 3389 2935 3407 3443; x_wconf 95' lang='lat' dir='ltr'> </span> 
     </span>
    </p>
   </div>
  </div>
 </body>
</html>
