3409 5642
1860 671 2108 728 -4-

925 835 1358 904 kioviensem
1395 832 1612 900 fuisse
1646 831 2089 900 monachum.
2135 833 2391 910 Doctus
2440 850 2674 901 rerum
2706 833 3021 902 russica-

926 981 1083 1030 rum
1124 963 1421 1048 scriptor
1471 954 1885 1028 Tatiszczev
1933 953 1951 986 ¹
1999 957 2117 1045 qui
2158 957 2497 1045 principio
2541 959 2781 1027 saeculi
2800 961 3035 1028 ’XVIII

927 1087 1144 1156 multa
1162 1086 1539 1170 collegerat
1565 1084 1977 1153 documenta
2004 1083 2303 1152 affirmat
2330 1103 2586 1152 nomen
2611 1084 2779 1153 illud
2812 1083 3038 1153 trihus

861 1231 867 1236 ·
926 1212 1278 1280 codicibus
1321 1210 1732 1296 inscriptum
1759 1227 1914 1278 esse
1947 1227 2243 1295 quorum
2288 1209 2478 1278 nulla
2504 1211 2709 1278 hodie
2739 1209 3033 1298 reperiri

925 1339 1298 1423 potuerunt
1323 1336 1622 1421 vestigia
1647 1342 1691 1402 ⁸.
1762 1399 1781 1420 ‚

1011 1463 1353 1547 Perpetua
1418 1464 1648 1529 autem
1708 1459 2074 1527 traditione
2132 1461 2407 1527 constat
2471 1459 2545 1526 in
2618 1458 3039 1527 monasterio

916 1581 1375 1678 peczariensi
1407 1582 1496 1672 (id
1525 1588 1633 1652 est
1670 1581 2113 1674 cryptarum)
2136 1583 2181 1662 ⁸,
2213 1583 2481 1651 Kioviae
2528 1584 2833 1670 sepultos
2882 1601 3038 1652 esse

925 1709 1100 1777 duos
1127 1709 1506 1778 monachos
1532 1708 1845 1776 Nestoris
1876 1707 2157 1775 nomine
2188 1720 2482 1793 quorum
2523 1726 2706 1776 unus
2734 1704 3045 1776 chrono-

924 1831 1250 1927 9raphus
1276 1846 1326 1916 ι,
1374 1834 1547 1902 31161
1599 1852 1769 1901 vero
1830 1833 2152 1918 ignaruS,
2205 1833 2597 1902 illitteratus
2662 1837 2685 1870 ⁸
2758 1832 3032 1901 dicitur.

924 1963 1192 2029 Nomen
1246 1959 1560 2028 Nestoris
1618 1960 2102 2027 Ruthenorum
2146 1949 2683 2050 ch‘ronoyraphi
2731 1959 3039 2046 reperies

925 2085 1000 2156 in
1038 2083 1355 2168 catalogo
1401 2087 1676 2170 patrum
1715 2083 2230 2171 praecipuorum
2283 2085 2359 2152 in
2404 2085 2667 2172 cryptis
2714 2085 3039 2153 kiovien-

929 2209 1122 2278 sibus
1169 2209 1595 2295 sepultorum
1644 2209 1827 2295 apud
1877 2209 2282 2277 Herbinium
2303 2211 2325 2244 ⁸
2368 2209 2485 2296 (1111
2513 2209 2600 2277 (16
2630 2228 2712 2277 eo
2748 2209 3039 2278 Nestore

931 2300 1468 2424 chronographo
1505 2356 1694 2438 saepe
1723 2339 1797 2406 in
1823 2338 2155 2425 opusculo
2188 2357 2316 2407 suo
2347 2338 2679 2425 loquitur.
3054 2341 3075 2377 “

1021 2463 1355 2532 Graviora
1395 2464 1603 2532 etiam
1639 2468 2017 2532 occurrunt
2058 2465 2260 2565 nohis
2310 2467 2766 2550 argumenta:
2807 2463 2883 2531 in
2908 2481 3039 2532 co-

932 2589 1084 2658 dice
1131 2589 1370 2658 saeculi
1407 2592 1595 2673 XIII,
1656 2590 1802 2676 quia
1823 2589 2073 2658 dicitur
2112 2589 3043 2676 PereJaslavo—Suzdaliensis

931 2716 1018 2782 ad
1047 2717 1227 2782 hanc
1265 2715 1561 2783 lineam:
1609 2715 1926 2783 Theodos
1959 2716 2009 2782 k
2052 2695 2261 2782 nemu
2291 2714 2360 2781 ia
2394 2714 2633 2799 uhohy
2674 2713 2948 2799 priszel,
2977 2714 3047 2781 id

932 2843 1079 2908 est:
1114 2839 1541 2907 Theodosius
1573 2835 1973 2925 (kioviensis
2003 2837 2237 2926 abbas)
2268 2838 2355 2905 ad
2392 2857 2597 2924 quem
2632 2855 2768 2922 ego
2800 2835 3049 2926 (anna—

929 2965 1099 3034 lium
1127 2961 1440 3051 scriptor)
1471 2966 1796 3049 peccator
1814 2963 1999 3046 veni,
2030 2963 2105 3030 in
2130 2963 2447 3047 margine
2479 2963 2755 3032 additur
2783 2980 2825 3030 a
2842 2955 3049 3032 libra-

931 3090 1080 3158 rio:
1119 3097 1276 3180 390,
1307 3085 1392 3156 id
1421 3091 1524 3157 est
1554 3085 1853 3156 Nestor.
2001 3059 2007 3072 ⁸
2896 3055 2907 3068 ’

1018 3219 1299 3288 Maximi
1343 3238 1512 3287 vero
1581 3218 1912 3285 momenti
1963 3215 2432 3285 testimonium
2496 3221 2603 3285 est
2655 3217 3047 3304 Polycarpii

933 3347 1254 3415 monachi
1289 3345 1604 3432 ejusdem
1635 3342 2041 3412 monasterii
2068 3343 2185 3430 qui
2216 3343 2473 3410 saeculo
2506 3344 2668 3410 XIII
2696 3343 2974 3410 vivebat
3001 3339 3046 3410 '.

931 3473 1010 3539 In
1039 3470 1325 3557 epistola
1383 3470 1472 3537 ad
1500 3467 2110 3568 archimandritam
2143 3467 2567 3536 Akindinum
2597 3466 2879 3554 scripta,
2910 3471 3048 3536 ait:

935 3594 1523 3674 Quemadmodum
1568 3594 1814 3662 beatus
1862 3593 2113 3672 Nestor
2160 3592 2235 3659 in
2284 3592 2430 3660 suis
2474 3586 2864 3674 annalibuS,
2912 3595 3044 3660 etc.

1006 3784 1024 3817 ¹
1061 3790 1142 3842 De
1169 3786 1441 3841 Tamum
1461 3785 1576 3838 vide
1603 3783 1779 3838 Grecz.
1808 3780 2039 3836 Historia
2067 3781 2337 3834 litter-amm
2360 3781 2655 3834 russicarum
2687 3803 2755 3817 —
2776 3783 2963 3836 russice
2984 3806 3049 3818 —

936 3888 1022 3933 aut
1046 3877 1279 3934 Szevirev
1300 3903 1372 3913 -
1393 3877 1573 3930 italice.

1005 3966 1030 3998 ¹
1063 3969 1253 4038 Pogod,
1287 3985 1338 4036 p.
1365 3973 1436 4027 61,
1463 3983 1539 4036 sq.

1004 4055 1026 4087 ⁸
1066 4057 1258 4127 Crypta
1280 4075 1456 4126 nempe
1479 4058 1661 4110 slavica
1681 4063 1823 4110 sonat
1834 4070 2057 4122 poema.

1003 4144 1027 4176 ⁸
1067 4148 1390 4216 Letopisatel.

1005 4234 1026 4266 ⁸
1063 4239 1340 4305 Neknijny.

1004 4321 1026 4353 ⁸
1060 4326 1322 4394 Reliqiosae
1355 4325 1611 4378 kiovimses
1644 4333 1835 4391 crypta.
1864 4321 1995 4376 Jeme
2019 4329 2140 4376 1665.
2171 4321 2445 4375 Herbinius
2470 4319 2556 4372 ille
2581 4320 2741 4372 fuerat
2762 4322 2816 4372 in
2846 4319 3051 4371 Polonia

933 4425 1102 4488 pastor
1123 4416 1398 4468 lutheranoe
1424 4414 1538 4465 fidei
1569 4439 1579 4466 ι
1615 4414 1771 4464 11111113
1810 4413 1873 4464 (16
1905 4408 2073 4466 Slavis
2097 4410 2414 4465 orientalibus
2448 4409 2683 4462 didicerat
2712 4433 2723 4461 ι
2751 4411 2846 4462 etsi
2876 4407 3051 4460 critico

934 4524 1105 4576 egone,
1127 4513 1292 4556 tamen
1315 4521 1414 4555 non
1436 4505 1546 4555 sine
1565 4502 1777 4554 utilitate
1792 4501 1991 4568 legitur.

1007 4590 1028 4622 '
1067 4595 1198 4647 Vide
1222 4593 1465 4663 Pogodini
1489 4599 1538 4644 61
1560 4590 1721 4644 Grecz
1745 4607 1825 4658 op.
1853 4593 1933 4642 cit.
