3409 5642
1860 649 2108 706 -g-

921 815 1339 904 minimaque
1398 812 1486 883 de
1539 831 1616 882 se
1674 813 1827 902 ipse
1881 812 2049 883 dicit
2094 813 2369 884 Nestor.
2407 813 2603 884 Novo
2634 818 3041 886 monasterii

919 941 1198 1010 condito
1249 939 1532 1026 temp10‚
1565 937 1891 1008 monachi
1936 939 2023 1008 ab
2060 939 2461 1025 hegumeno
2492 940 3039 1028 impetraverunt

919 1070 996 1135 ut
1033 1064 1220 1136 beati
1267 1063 1636 1133 Theodosii
1675 1081 1935 1152 corpus
1978 1063 2052 1132 in
2089 1064 2223 1133 hoc
2280 1063 2611 1152 templum
2672 1065 3037 1134 transferri

914 1193 1216 1280 Juberet.
1268 1190 1546 1261 Nestori
1595 1191 1893 1276 contigit
1932 1191 2161 1260 honos
2208 1209 2447 1262 sacras
2487 1190 2814 1279 reliquias
2860 1191 3037 1260 effo-

922 1315 1156 1384 diendi
1197 1319 1268 1384 et
1303 1315 1638 1386 minutius
1677 1317 1959 1384 enarrat
1997 1314 2343 1402 quomodo
2384 1318 2577 1384 tanto
2614 1314 2894 1382 functus
2948 1313 3039 1382 sit

923 1441 1178 1525 officio,
1211 1440 1462 1528 quibus
1517 1440 1871 1510 miraculis
1924 1439 2147 1509 sancti
2189 1441 2459 1510 abbatis
2504 1439 2811 1508 tumulus
2847 1438 3037 1506 illus-

923 1569 1146 1635 tratus
1174 1565 1388 1635 fuerit
1425 1579 1442 1631 ε
1481 1583 1756 1634 summa
1788 1565 2237 1635 veneratione
2274 1564 2544 1634 colebat
2576 1563 3038 1634 Theodosium

921 1707 1128 1776 quem
1153 1691 1486 1776 Magnum
1513 1708 1769 1780 vocare
1799 1700 1941 1760 non
1970 1689 2237 1760 dubitat
2264 1687 2307 1758 ¹.

1005 1813 1210 1883 Anno
1236 1809 1774 1897 1091,Polovtsi
1788 1814 2086 1884 barbara
2110 1832 2288 1900 gens
2311 1833 2480 1883 rura
2510 1814 2696 1883 circa
2707 1811 3033 1881 Kioviam

921 1941 992 2008 et
1052 1939 1280 2026 ipsum
1362 1939 1861 2008 monasterium
1935 1939 2329 2028 depopulati
2406 1943 2569 2008 sunt
2650 1939 3039 2026 aliquotque

833 2068 844 2076 “
923 2065 1302 2134 monachos
1329 2064 1755 2133 occiderunt.
1792 2064 2044 2133 Nestor
2084 2083 2245 2134 cum
2289 2065 2701 2152 quibusdam
2742 2083 2782 2131 e
2825 2063 3039 2132 soda-

922 2188 1104 2259 libus
1135 2189 1281 2258 suis
1308 2188 1575 2276 postico
1602 2188 1851 2274 fugere
1880 2170 2162 2260 coactus
2198 2193 2332 2274 est,
2384 2193 2454 2260 et
2510 2189 2609 2260 ita
2648 2210 2689 2259 e
2717 2189 3038 2259 manibus

925 2317 1227 2387 hostium
1255 2317 1501 2387 evasit.

1011 2443 1119 2510 Ad
1145 2460 1406 2511 annum
1442 2439 1618 2510 1106
1645 2417 1897 2509 senem⁶
1932 2441 2299 2528 quemdam
2345 2442 2624 2511 nomine
2654 2443 2693 2510 J
2694 2443 3037 2510 ohannem

925 2567 1322 2654 Wyszatam
1355 2566 1612 2636 obiisse
1662 2564 1927 2649 scribit,
1960 2566 2282 2653 additque
2330 2584 2407 2634 se
2451 2566 2667 2636 multa
2696 2565 2770 2634 in
2824 2567 3039 2634 chro-

926 2691 1102 2761 nicis
1148 2691 1526 2761 inseruisse
1559 2709 1718 2778 quae
1752 2710 1841 2759 ex
1866 2690 1984 2758 illo
2017 2690 2399 2772 audiverat.

1020 2818 1270 2887 Nestor
1297 2816 1572 2904 quando
1607 2818 1921 2885 mortuus
1950 2816 2039 2885 sit
2070 2816 2435 2886 incertum.

1015 2941 1383 3016 Patericon
1414 2940 1500 3009 de
1538 2958 1723 3009 anno
1745 2933 1983 3026 'tacet3
2043 2941 2345 3012 affirmat
2372 2961 2540 3013 vero
2568 2942 2760 3011 illum
2788 2942 3041 3010 multos

933 3084 1162 3136 annos
1213 3065 1502 3149 vixisse,
1557 3065 1845 3134 annales
1895 3067 2337 3153 scribentem,
2370 3071 2767 3155 aeternaque
2816 3067 3041 3135 medi-

935 3194 1220 3261 tantem.
1245 3190 1352 3259 Ad
1381 3209 1641 3260 annum
1670 3190 1846 3258 1097
1903 3192 2231 3261 chronica
2261 3192 2637 3280 loquuntur
2680 3192 2766 3262 de
2812 3190 3045 3262 Vladi-

935 3316 1114 3386 miro
1158 3320 1237 3386 ut
1297 3316 1382 3386 de
1435 3315 1718 3384 homino
1774 3316 1925 3402 jam
1974 3318 2343 3405 defunct03
2406 3318 2741 3388 Vladimir
2814 3320 3047 3385 autem

938 3442 1108 3512 obiit
1166 3459 1348 3510 anno
1385 3441 1604 3527 11253
1661 3440 1847 3510 unde
1909 3443 2160 3530 conjici
2186 3446 2415 3531 potest
2468 3444 2829 3514 Nestorem
2888 3445 3047 3531 post

939 3567 1126 3636 hunc
1154 3583 1414 3634 annum
1440 3564 1703 3634 devita
1744 3565 2155 3636 decessisse.
2186 3568 2505 3661 Sepultus
2538 3573 2646 3637 est
2671 3568 2744 3635 in
2772 3584 3048 3636 monas·
3146 3556 3151 3562 ’

938 3691 1114 3762 terio
1146 3689 1570 3780 peczariensi
1620 3691 1823 3778 cujus
1872 3690 2056 3759 inter
2102 3695 2383 3762 sanctos
2426 3692 2652 3762 adhuc
2699 3710 2743 3760 a
2792 3691 3047 3780 populo

940 3816 1210 3887 russico
1239 3815 1512 3886 colitur.

1009 4481 1028 4515 ¹
1066 4487 1151 4540 Aa
1176 4504 1290 4541 nnn.
1311 4491 1440 4548 ¹⁰0⁴.
