3409 5642
372 827 830 895 ‘Vszeslavum
848 825 1211 910 quemdam
1233 829 1473 893 natum
1493 844 1649 894 esse
1677 827 1899 913 capite
1924 825 2177 894 afflicto
2196 828 2492 894 naturali

383 951 683 1038 quodam
709 949 1019 1017 vulnere.
1039 949 1308 1016 Vulnus
1337 948 1534 1030 illud,
1567 950 1685 1031 ait,
1722 968 1942 1034 usque
1972 951 2059 1016 ad
2083 949 2494 1018 hodiernum

384 1076 564 1143 diem
601 1075 802 1158 gerit.
826 1074 1241 1142 Vszeslavus
1276 1079 1529 1156 autem,
1566 1079 1741 1143 teste
1772 1075 1923 1160 ipso
1958 1076 2273 1156 Nestore,
2312 1049 2495 1142 anno

385 1202 550 1267 1101
595 1205 908 1267 mortuus
957 1203 1085 1266 est.
1125 1201 1221 1266 De
1255 1201 1625 1267 Vszeslavo
1674 1200 1891 1283 igitur
1939 1204 2098 1266 ante
2130 1200 2317 1266 hunc
2364 1217 2499 1265 an·-

387 1343 554 1392 num
593 1323 988 1408 scripserat.
1037 1325 1250 1390 Recte
1287 1327 1526 1390 censet
1559 1325 1787 1391 Erben
1824 1324 2017 1389 illum
2068 1323 2215 1390 sine
2256 1322 2496 1389 ordine

389 1449 719 1534 quidquid
748 1449 1082 1515 memoria
1117 1449 1408 1532 dignum
1442 1448 1869 1515 existimaret
1912 1447 2172 1514 chartis
2207 1447 2489 1513 manda-

389 1571 610 1653 visse,
641 1571 768 1638 sub
803 1573 942 1638 fine
976 1575 1207 1637 autem
1239 1572 1402 1638 vitae
1442 1591 1718 1639 omnem
1754 1570 2241 1638 chronicorum
2286 1571 2503 1636 mate·

390 1690 565 1762 riam
609 1697 697 1762 ad
735 1714 1054 1763 annorun
1083 1695 1395 1763 ordinem
1425 1695 1807 1779 redegisse.

1369 2260 1520 2360 §11

491 2736 686 2824 Unde
738 2737 986 2802 Nestor
1047 2734 1399 2801 annalium
1461 2733 1825 2801 materiam
1898 2737 2268 2821 sumpserit
2328 2748 2512 2803 nunc

404 2860 783 2927 videamus.
1224 2939 1230 2944 .

495 2985 752 3066 Magna
787 3001 951 3068 pars
996 2985 1101 3049 est
1141 3000 1377 3048 rerum
1427 2985 1628 3068 quus
1658 2983 1806 3068 ipse
1837 2983 2085 3049 Nestor
2128 2983 2320 3050 testis
2365 2983 2518 3064 fuit,

410 3108 496 3174 ab
520 3125 704 3174 anno
739 3126 988 3193 nempe
1025 3108 1198 3173 1073
1234 3107 1473 3190 quoin
1500 3105 1997 3172 monasterium
2031 3106 2390 3189 ingressus
2421 3109 2527 3174 est

409 3243 630 3315 ‘usque
656 3230 744 3296 ad
763 3250 1022 3298 annum
1048 3232 1244 3296 1113.
1270 3233 1438 3306 Quae
1455 3230 1569 3296 illo
1583 3229 1913 3315 temporis
1933 3229 2296 3297 intervallo
2312 3229 2526 3316 scrip-

412 3353 526 3436 sit,
547 3354 660 3420 vel
673 3353 818 3439 ipse
833 3353 1128 3435 viderat,
1142 3353 1256 3420 vel
1279 3354 1365 3421 ab
1382 3355 1789 3439 aequalibuS,
1806 3345 2075 3422 Kiov'iae
2097 3353 2389 3451 civibUS,
2410 3356 2531 3422 aut

405 3477 704 3546 'advenis
723 3477 1104 3545 audiverat.
1139 3459 1453 3563 Exempli
1481 3479 1735 3562 gratia,
1754 3478 1841 3545 ad
1865 3482 2072 3564 caput
2101 3480 2526 3560 CLXXXIV,

418 3613 503 3667 ea
545 3601 764 3668 refert
792 3619 946 3686 quae
995 3619 1035 3667 a
1076 3600 1228 3669 cive
1264 3601 1561 3686 quodam
1607 3601 2205 3686 Novogorodien'si
2246 3600 2533 3690 (Kurata

414 3724 787 3813 Rogovicz)
811 3725 1168 3794 didicerat.
1193 3726 1294 3794 Ad
1322 3743 1582 3794 annum
1608 3729 1781 3794 1074
1814 3728 2230 3794 monachum
2263 3744 2533 3795 monas·

416 3848 576 3916 terii
640 3848 746 3915 sui
793 3850 1103 3918 nominat
1134 3851 1250 3936 qui
1294 3852 1520 3920 adhuc
1585 3853 2080 3921 recordabatur
2124 3843 2396 3919 Russi'ae
2446 3851 2536 3918 ad

419 3971 868 4040 christianam
909 3973 1115 4042 fidem
1152 3993 1510 4044 conversae
1535 3969 1576 4042 ⁸.
1599 4043 1604 4048 ,
1627 3975 1736 4043 Ad
1776 3994 2037 4042 annum
2082 3974 2255 4040 1104
2297 3964 2549 4042 senem

421 4094 788 4184 quemdam
851 4099 1192 4167 memorat
1253 4101 1461 4166 aetate
1518 4102 1927 4186 provectum
1981 4117 2023 4166 a
2069 4085 2213 4184 'quo
2272 4095 2541 4183 accepit

358 4296 365 4301 ,
421 4218 640 4291 multa
651 4219 1081 4320 quae-chartis
1098 4221 1344 4292 deinde
1365 4217 1777 4294 mandavit’.
1794 4223 2113 4323 Monachi
2133 4221 2540 4291 Kiovienses

389 4439 394 4444 ’
501 4449 520 4484 ¹
551 4433 951 4526 cap.1.xvm.

500 4539 524 4572 ¹
555 4545 680 4614 Cap.
712 4547 1009 4600 LXXXVI.
