3409 5642
1781 632 2064 688 ...ςὸ-

867 775 1216 840 Johannes
1253 773 1474 840 dictus
1507 771 1968 854 bulgariensis
2002 771 2346 856 exarchus
2363 792 2380 823 ¹
2425 774 2733 841 ediderat
2766 771 2986 842 hexa-

868 917 1118 965 meron
1151 917 1420 984 quoque
1469 901 1539 963 et
1571 896 1887 964 homilias
1904 915 1924 980 ;
1970 897 2330 981 cujusdam
2362 893 2707 986 Greqo‘m‘i
2764 903 2989 968 exstat

870 1022 1232 1107 bulgarica
1255 1020 1610 1088 translatio
1633 1021 2123 1088 chronicorum
2136 1023 2173 1088 J
2177 1022 2469 1089 ohannis
2494 1022 2988 1090 antiochiensis

874 1146 1035 1214 dicti
1107 1146 1400 1226 Malalae,
1455 1147 1656 1231 jussu
1718 1145 2157 1232 imperatoris
2233 1146 2572 1215 Simeonis
2644 1148 2989 1230 confecta,

875 1288 1134 1353 magna
1165 1289 1435 1355 quoque
1461 1272 1745 1337 Patrum
1775 1270 2166 1358 compilatio
2198 1289 2353 1356 quae
2384 1270 2679 1338 Sbornik
2714 1270 2987 1338 dicitur.

874 1393 998 1461 Illa
1031 1393 1378 1477 multaque
1396 1393 1687 1480 hujusce
1720 1393 1905 1460 modi
1928 1411 2143 1480 opera
2174 1392 2247 1460 in
2268 1393 2589 1460 Russiam
2617 1395 2994 1462 christiana

877 1536 1036 1588 cum
1082 1517 1218 1583 fide
1277 1520 1822 1603 penetraverunt
1839 1533 1859 1599 ;
1910 1516 2167 1584 scimus
2212 1517 2425 1598 enim,
2471 1520 2644 1584 teste
2704 1519 2992 1585 Nestore

878 1643 946 1706 et
1017 1639 1336 1707 omnibus
1399 1639 1833 1706 documentis
1877 1639 2326 1707 christianam
2390 1641 2600 1708 fidem
2647 1642 2995 1710 Constan-

881 1763 1170 1849 tinopoh
1215 1763 1533 1830 Kioviam
1589 1764 1931 1847 migrasse
1988 1765 2273 1849 eJusque
2326 1765 2741 1851 interpretes
2783 1765 2994 1834 fuisse

881 1888 1250 1972 Bulgaros,
1288 1907 1681 1956 sermonem
1715 1891 1853 1956 imo
1896 1889 2333 1972 bulgaricum
2380 1889 2527 1955 sive
2571 1889 2995 1958 slavonicum

883 2030 924 2078 a
944 2011 1194 2078 Russia
1219 2012 1321 2078 uti
1349 2012 1885 2078 ecclesiasticam
1911 2013 2226 2094 linguam
2256 2014 2617 2096 acceptum
2644 2029 2825 2092 esse,
2842 2030 2997 2096 quae

880 2132 1124 2216 lingua
1157 2132 1365 2199 etiam
1395 2133 1600 2200 hodie
1629 2135 1702 2200 in
1730 2135 1982 2202 Russia
2006 2134 2225 2216 viget.

971 2260 1166 2324 Hanc
1220 2258 1651 2340 bulgaricam
1705 2258 2052 2344 originem
2118 2259 2315 2326 multi
2367 2259 2673 2327 indicant
2728 2258 3002 2328 codices

887 2382 1111 2450 adhuc
1163 2381 1239 2448 in
1287 2381 1539 2449 Russia
1592 2383 1851 2450 servati
1911 2384 2159 2469 quibus
2223 2402 2498 2452 momen
2571 2387 2676 2451 est
2716 2378 3003 2471 Mineja

891 2494 1264 2584 (Μηναῖον),
1331 2504 1403 2571 id
1463 2509 1592 2588 est,
1673 2506 1840 2574 vitae
1872 2511 2268 2575 sanctorum
2324 2509 2659 2594 cujusque
2716 2505 3000 2586 mensis,

889 2617 1376 2710 synaoeam‘um
1419 2621 1489 2687 id
1537 2624 1642 2687 est
1689 2621 2159 2689 calendarium
2200 2621 2314 2688 vel
2354 2623 2697 2691 mensium
2736 2621 3001 2702 series;

887 2740 1150 2812 Paloea
1195 2730 1546 2821 (Παλαῖα),
1609 2744 1724 2811 vel
1763 2744 2053 2812 historia
2093 2746 2406 2832 priorum
2447 2750 2837 2832 temporum
2888 2763 3008 2813 se-

891 2857 1191 2926 cundum
1225 2856 1602 2942 scripturas
1627 2875 1648 2941 3
1672 2854 2174 2949 Paremejnik,
2217 2861 2289 2927 id
2318 2865 2446 2943 est,
2480 2861 3007 2948 proverbiorum

893 2980 1290 3090 (Παροιμίαι)
1320 2981 1666 3066 delectus;
1724 2979 2067 3066 Sbornffi,
2125 2984 2198 3050 id
2240 2989 2348 3052 est
2372 2986 2724 3052 variarum
2770 3003 3007 3052 rerum

895 3105 1207 3175 collectio
1228 3113 1273 3171 ³.
1331 3106 1434 3171 Ex
1467 3105 1576 3172 his
1628 3105 1979 3175 codicibus
2046 3108 2263 3174 multa
2322 3108 2571 3176 Nestor
2630 3108 3010 3195 depromp-

896 3231 1066 3300 sisse
1139 3230 1440 3310 videtur,
1503 3231 1803 3316 exempli
1869 3231 2124 3314 gratia,
2166 3231 2379 3298 vitam
2448 3231 2687 3317 Cyrilli
2740 3235 2809 3299 et
2877 3233 3010 3299 Me-

809 3346 811 3350 ’
897 3353 1115 3422 thodii
1140 3373 1296 3439 quae
1319 3352 1534 3436 vulgo
1560 3352 1811 3421 dicitur
1846 3351 2151 3443 leyenda
2162 3352 2581 3446 pannonica
2598 3348 2620 3381 ⁸
2647 3372 2668 3439 3
2702 3355 2904 3440 Olgae
2937 3359 3013 3423 et

894 3477 1258 3544 Vladimiri
1290 3477 1814 3545 conversionem
1829 3530 1844 3546 .
2995 3564 3001 3570 ⁵

985 3601 1192 3666 Juxta
1237 3599 1606 3686 praedictos
1649 3601 1926 3669 codices
1969 3601 2165 3668 multi
2210 3604 2484 3669 exstant
2515 3601 2810 3671 fabulosi
2851 3602 3012 3672 libri

779 3781 792 3794 .
896 3722 1144 3809 quibus
1160 3741 1417 3792 nomen
1431 3721 2203 3814 «fabuloebulyaricae‘»
2220 3725 2514 3795 inditum
2532 3729 2639 3794 est
2647 3743 2669 3809 ;
2700 3727 3008 3814 plerique

899 3865 940 3912 e
970 3864 1206 3930 graeco
1243 3866 1562 3916 sermone
1599 3849 1941 3930 translati,
1981 3848 2056 3917 in
2097 3849 2343 3934 quibus
2381 3866 2498 3915 res
2538 3848 2613 3918 in
2652 3849 3013 3938 scripturis

896 3973 1202 4039 narratae
1265 3973 1343 4037 ut
1408 3971 1647 4038 mundi
1701 3972 1989 4052 creati0,
2042 3970 2359 4038 ultimum
2403 3971 2744 4056 judicium
2800 3973 3015 4041 variis

975 4137 993 4167 ²
1019 4142 1081 4194 Id
1096 4150 1175 4194 est
1186 4142 1383 4210 legatus
1405 4145 1641 4212 episcopi,
1660 4151 1719 4194 ut
1732 4152 1974 4196 testantur
1998 4143 2236 4195 slavonici
2256 4150 2423 4195 textus
2443 4142 2573 4210 apud
2594 4140 2804 4196 Gla-§nil
2823 4143 3015 4196 sociota-

901 4231 970 4282 te's
993 4229 1650 4299 litterarumBezqradmis,
1673 4232 1772 4284 vol.
1798 4238 1842 4291 1,
1867 4249 1921 4299 p.
1944 4237 2041 4282 161.

973 4314 995 4345 ⁸
1031 4317 1226 4371 Gallice
1247 4318 1564 4385 encyclwedie
1587 4336 1616 4369 e
1637 4320 1786 4370 verbo
1820 4321 1999 4372 ubrau'
2023 4320 2275 4388 colligere.

974 4401 998 4432 ⁸
1033 4407 1166 4457 Vide
1192 4423 1358 4456 meum
1388 4422 1513 4474 opus
1545 4423 1697 4474 supra
1716 4407 1901 4458 dictum
1931 4406 2115 4474 oya-ino
2142 4417 2187 4458 et
2212 4406 2452 4470 Mathoae,
2470 4415 2584 4468 otc..-
2634 4409 2689 4458 in
2708 4408 3014 4475 prof-uma

973 4487 998 4520 ⁸
1031 4492 1195 4546 Banu
1215 4493 1489 4562 Mqarsko.
