<?xml version="1.0" encoding="UTF-8"?>
<!DOCTYPE html PUBLIC "-//W3C//DTD XHTML 1.0 Transitional//EN"
    "http://www.w3.org/TR/xhtml1/DTD/xhtml1-transitional.dtd">
<html xmlns="http://www.w3.org/1999/xhtml" xml:lang="en" lang="en">
 <head>
  <title>
</title>
<meta http-equiv="Content-Type" content="text/html;charset=utf-8" />
  <meta name='ocr-system' content='tesseract 3.04.00' />
  <meta name='ocr-capabilities' content='ocr_page ocr_carea ocr_par ocr_line ocrx_word'/>
</head>
<body>
  <div class='ocr_page' id='page_1' title='image "./denestorererumr01legegoog_0026.png"; bbox 0 0 3409 5642; ppageno 0'>
   <div class='ocr_carea' id='block_1_1' title="bbox 1800 678 2089 735">
    <p class='ocr_par' dir='ltr' id='par_1_1' title="bbox 1800 678 2089 735">
     <span class='ocr_line' id='line_1_1' title="bbox 1800 678 2089 735; baseline -0.003 -15"><span class='ocrx_word' id='word_1_1' title='bbox 1800 678 2089 735; x_wconf 69' lang='grc'>-44-</span> 
     </span>
    </p>
   </div>
   <div class='ocr_carea' id='block_1_2' title="bbox 845 827 3036 3766">
    <p class='ocr_par' dir='ltr' id='par_1_2' title="bbox 845 827 3036 3766">
     <span class='ocr_line' id='line_1_2' title="bbox 895 827 3003 912; baseline 0.003 -18"><span class='ocrx_word' id='word_1_2' title='bbox 895 827 1024 895; x_wconf 81' lang='lat' dir='ltr'>etsi</span> <span class='ocrx_word' id='word_1_3' title='bbox 1048 831 1245 896; x_wconf 85' lang='lat' dir='ltr'>extra</span> <span class='ocrx_word' id='word_1_4' title='bbox 1273 832 1607 899; x_wconf 88' lang='lat' dir='ltr'>mundum</span> <span class='ocrx_word' id='word_1_5' title='bbox 1632 832 1951 900; x_wconf 84' lang='lat' dir='ltr'>viventes</span> <span class='ocrx_word' id='word_1_6' title='bbox 1974 851 2117 900; x_wconf 85' lang='lat' dir='ltr'>non</span> <span class='ocrx_word' id='word_1_7' title='bbox 2146 837 2377 900; x_wconf 88' lang='lat' dir='ltr'>tamen</span> <span class='ocrx_word' id='word_1_8' title='bbox 2408 834 2557 902; x_wconf 86' lang='lat' dir='ltr'>sine</span> <span class='ocrx_word' id='word_1_9' title='bbox 2576 834 3003 912; x_wconf 66' lang='lat' dir='ltr'>‚commercio</span> 
     </span>
     <span class='ocr_line' id='line_1_3' title="bbox 897 951 3005 1045; baseline 0.002 -26"><span class='ocrx_word' id='word_1_10' title='bbox 897 969 1054 1020; x_wconf 90' lang='lat' dir='ltr'>cum</span> <span class='ocrx_word' id='word_1_11' title='bbox 1102 951 1218 1021; x_wconf 91' lang='lat' dir='ltr'>illo</span> <span class='ocrx_word' id='word_1_12' title='bbox 1277 954 1532 1022; x_wconf 91' lang='lat' dir='ltr'>mundo</span> <span class='ocrx_word' id='word_1_13' title='bbox 1585 959 1807 1024; x_wconf 87' lang='lat' dir='ltr'>erant.</span> <span class='ocrx_word' id='word_1_14' title='bbox 1864 957 2059 1024; x_wconf 89' lang='lat' dir='ltr'>Teste</span> <span class='ocrx_word' id='word_1_15' title='bbox 2110 957 2259 1043; x_wconf 91' lang='lat' dir='ltr'>ipso</span> <span class='ocrx_word' id='word_1_16' title='bbox 2304 957 2620 1040; x_wconf 83' lang='lat' dir='ltr'><strong>Nestore,</strong></span> <span class='ocrx_word' id='word_1_17' title='bbox 2680 958 3005 1045; x_wconf 86' lang='lat' dir='ltr'>princeps</span> 
     </span>
     <span class='ocr_line' id='line_1_4' title="bbox 895 1074 3008 1164; baseline 0.003 -23"><span class='ocrx_word' id='word_1_18' title='bbox 895 1074 1068 1142; x_wconf 80' lang='lat' dir='ltr'>nihil</span> <span class='ocrx_word' id='word_1_19' title='bbox 1098 1077 1336 1160; x_wconf 87' lang='lat' dir='ltr'>magni</span> <span class='ocrx_word' id='word_1_20' title='bbox 1363 1077 1907 1161; x_wconf 82' lang='lat' dir='ltr'>aggrediebatur</span> <span class='ocrx_word' id='word_1_21' title='bbox 1925 1078 2091 1164; x_wconf 87' lang='lat' dir='ltr'>quin</span> <span class='ocrx_word' id='word_1_22' title='bbox 2116 1079 2203 1146; x_wconf 90' lang='lat' dir='ltr'>ad</span> <span class='ocrx_word' id='word_1_23' title='bbox 2220 1080 2714 1147; x_wconf 90' lang='lat' dir='ltr'>monasterium</span> <span class='ocrx_word' id='word_1_24' title='bbox 2735 1080 3008 1148; x_wconf 88' lang='lat' dir='ltr'>veniret</span> 
     </span>
     <span class='ocr_line' id='line_1_5' title="bbox 845 1198 3006 1296; baseline 0.002 -31"><span class='ocrx_word' id='word_1_25' title='bbox 845 1285 856 1296; x_wconf 84' lang='lat'>.</span> <span class='ocrx_word' id='word_1_26' title='bbox 898 1198 1278 1282; x_wconf 81' lang='lat' dir='ltr'><strong>hegumeni</strong></span> <span class='ocrx_word' id='word_1_27' title='bbox 1334 1201 1623 1270; x_wconf 90' lang='lat' dir='ltr'>consilia</span> <span class='ocrx_word' id='word_1_28' title='bbox 1679 1206 1749 1270; x_wconf 90' lang='lat' dir='ltr'>et</span> <span class='ocrx_word' id='word_1_29' title='bbox 1774 1204 2350 1272; x_wconf 84' lang='lat' dir='ltr'>benedictionem</span> <span class='ocrx_word' id='word_1_30' title='bbox 2396 1206 2812 1290; x_wconf 84' lang='lat' dir='ltr'>quaesiturus</span> <span class='ocrx_word' id='word_1_31' title='bbox 2858 1219 2873 1270; x_wconf 91' lang='lat'>:</span> <span class='ocrx_word' id='word_1_32' title='bbox 2927 1223 3006 1272; x_wconf 87' lang='lat' dir='ltr'>re</span> 
     </span>
     <span class='ocr_line' id='line_1_6' title="bbox 900 1325 3011 1415; baseline 0.002 -25"><span class='ocrx_word' id='word_1_33' title='bbox 900 1327 1130 1391; x_wconf 84' lang='lat' dir='ltr'>autem</span> <span class='ocrx_word' id='word_1_34' title='bbox 1174 1325 1508 1411; x_wconf 87' lang='lat' dir='ltr'>perfecta,</span> <span class='ocrx_word' id='word_1_35' title='bbox 1559 1327 1648 1394; x_wconf 87' lang='lat' dir='ltr'>ad</span> <span class='ocrx_word' id='word_1_36' title='bbox 1691 1329 2189 1396; x_wconf 89' lang='lat' dir='ltr'>monasterium</span> <span class='ocrx_word' id='word_1_37' title='bbox 2230 1328 2525 1410; x_wconf 86' lang='lat' dir='ltr'>redibat,</span> <span class='ocrx_word' id='word_1_38' title='bbox 2574 1330 2805 1415; x_wconf 86' lang='lat' dir='ltr'>ibique</span> <span class='ocrx_word' id='word_1_39' title='bbox 2866 1331 3011 1396; x_wconf 93' lang='lat' dir='ltr'>Deo</span> 
     </span>
     <span class='ocr_line' id='line_1_7' title="bbox 903 1445 3013 1538; baseline 0.003 -26"><span class='ocrx_word' id='word_1_40' title='bbox 903 1445 1165 1530; x_wconf 83' lang='lat' dir='ltr'>gratias</span> <span class='ocrx_word' id='word_1_41' title='bbox 1191 1449 1468 1532; x_wconf 81' lang='lat' dir='ltr'>agebat.</span> <span class='ocrx_word' id='word_1_42' title='bbox 1493 1451 1823 1538; x_wconf 73' lang='lat' dir='ltr'>Prmceps</span> <span class='ocrx_word' id='word_1_43' title='bbox 1841 1450 2227 1519; x_wconf 88' lang='lat' dir='ltr'>litterarum</span> <span class='ocrx_word' id='word_1_44' title='bbox 2251 1470 2519 1535; x_wconf 87' lang='lat' dir='ltr'>amans,</span> <span class='ocrx_word' id='word_1_45' title='bbox 2540 1457 2618 1520; x_wconf 90' lang='lat' dir='ltr'>ut</span> <span class='ocrx_word' id='word_1_46' title='bbox 2639 1453 2755 1520; x_wconf 92' lang='lat' dir='ltr'>ille</span> <span class='ocrx_word' id='word_1_47' title='bbox 2784 1470 2823 1518; x_wconf 89' lang='lat' dir='ltr'>a</span> <span class='ocrx_word' id='word_1_48' title='bbox 2852 1453 3013 1519; x_wconf 88' lang='lat' dir='ltr'>Nes-</span> 
     </span>
     <span class='ocr_line' id='line_1_8' title="bbox 904 1572 3016 1664; baseline 0.001 -25"><span class='ocrx_word' id='word_1_49' title='bbox 904 1574 1054 1640; x_wconf 88' lang='lat' dir='ltr'>tore</span> <span class='ocrx_word' id='word_1_50' title='bbox 1076 1572 1395 1642; x_wconf 87' lang='lat' dir='ltr'>laudatus</span> <span class='ocrx_word' id='word_1_51' title='bbox 1418 1577 1836 1658; x_wconf 81' lang='lat' dir='ltr'>IaroslavuS,</span> <span class='ocrx_word' id='word_1_52' title='bbox 1869 1576 2106 1644; x_wconf 82' lang='lat' dir='ltr'>forsan</span> <span class='ocrx_word' id='word_1_53' title='bbox 2133 1581 2203 1644; x_wconf 89' lang='lat' dir='ltr'>et</span> <span class='ocrx_word' id='word_1_54' title='bbox 2228 1578 2377 1664; x_wconf 89' lang='lat' dir='ltr'>ipse</span> <span class='ocrx_word' id='word_1_55' title='bbox 2408 1577 2767 1645; x_wconf 90' lang='lat' dir='ltr'>monachis</span> <span class='ocrx_word' id='word_1_56' title='bbox 2789 1580 3016 1644; x_wconf 88' lang='lat' dir='ltr'>mate—</span> 
     </span>
     <span class='ocr_line' id='line_1_9' title="bbox 902 1696 3016 1788; baseline 0.001 -24"><span class='ocrx_word' id='word_1_57' title='bbox 902 1696 1081 1764; x_wconf 85' lang='lat' dir='ltr'>riam</span> <span class='ocrx_word' id='word_1_58' title='bbox 1107 1698 1455 1767; x_wconf 84' lang='lat' dir='ltr'>scribendi</span> <span class='ocrx_word' id='word_1_59' title='bbox 1472 1701 1770 1769; x_wconf 91' lang='lat' dir='ltr'>libenter</span> <span class='ocrx_word' id='word_1_60' title='bbox 1779 1701 2504 1788; x_wconf 85' lang='lat' dir='ltr'>praebebat.Videmus</span> <span class='ocrx_word' id='word_1_61' title='bbox 2532 1706 2603 1770; x_wconf 89' lang='lat' dir='ltr'>et</span> <span class='ocrx_word' id='word_1_62' title='bbox 2638 1701 3016 1769; x_wconf 87' lang='lat' dir='ltr'>monachos</span> 
     </span>
     <span class='ocr_line' id='line_1_10' title="bbox 909 1822 3019 1912; baseline 0 -22"><span class='ocrx_word' id='word_1_63' title='bbox 909 1822 1301 1910; x_wconf 87' lang='lat' dir='ltr'>principum</span> <span class='ocrx_word' id='word_1_64' title='bbox 1321 1825 1745 1893; x_wconf 89' lang='lat' dir='ltr'>russicorum</span> <span class='ocrx_word' id='word_1_65' title='bbox 1764 1826 2049 1910; x_wconf 88' lang='lat' dir='ltr'>negotia</span> <span class='ocrx_word' id='word_1_66' title='bbox 2070 1827 2393 1910; x_wconf 85' lang='lat' dir='ltr'>gessisse.</span> <span class='ocrx_word' id='word_1_67' title='bbox 2425 1827 2743 1893; x_wconf 91' lang='lat' dir='ltr'>Monachi</span> <span class='ocrx_word' id='word_1_68' title='bbox 2776 1843 3019 1912; x_wconf 88' lang='lat' dir='ltr'>pecza-</span> 
     </span>
     <span class='ocr_line' id='line_1_11' title="bbox 909 1945 3019 2035; baseline 0 -22"><span class='ocrx_word' id='word_1_69' title='bbox 909 1945 1176 2015; x_wconf 89' lang='lat' dir='ltr'>rienses</span> <span class='ocrx_word' id='word_1_70' title='bbox 1217 1949 1401 2035; x_wconf 88' lang='lat' dir='ltr'>apud</span> <span class='ocrx_word' id='word_1_71' title='bbox 1442 1948 1793 2035; x_wconf 86' lang='lat' dir='ltr'>principes</span> <span class='ocrx_word' id='word_1_72' title='bbox 1822 1953 1890 2017; x_wconf 90' lang='lat' dir='ltr'>et</span> <span class='ocrx_word' id='word_1_73' title='bbox 1922 1952 2199 2018; x_wconf 75' lang='lat' dir='ltr'>boiaros</span> <span class='ocrx_word' id='word_1_74' title='bbox 2217 1951 2627 2018; x_wconf 88' lang='lat' dir='ltr'>Kiovienses</span> <span class='ocrx_word' id='word_1_75' title='bbox 2650 1950 2724 2017; x_wconf 91' lang='lat' dir='ltr'>in</span> <span class='ocrx_word' id='word_1_76' title='bbox 2750 1967 3019 2017; x_wconf 89' lang='lat' dir='ltr'>summo</span> 
     </span>
     <span class='ocr_line' id='line_1_12' title="bbox 908 2070 3021 2161; baseline -0.001 -23"><span class='ocrx_word' id='word_1_77' title='bbox 908 2070 1175 2139; x_wconf 90' lang='lat' dir='ltr'>honore</span> <span class='ocrx_word' id='word_1_78' title='bbox 1199 2075 1442 2140; x_wconf 88' lang='lat' dir='ltr'>erant:</span> <span class='ocrx_word' id='word_1_79' title='bbox 1473 2074 1972 2141; x_wconf 88' lang='lat' dir='ltr'>monasterium</span> <span class='ocrx_word' id='word_1_80' title='bbox 2004 2075 2443 2161; x_wconf 90' lang='lat' dir='ltr'>peczariense</span> <span class='ocrx_word' id='word_1_81' title='bbox 2473 2092 2616 2141; x_wconf 91' lang='lat' dir='ltr'>non</span> <span class='ocrx_word' id='word_1_82' title='bbox 2642 2072 3021 2160; x_wconf 84' lang='lat' dir='ltr'>patriarchi</span> 
     </span>
     <span class='ocr_line' id='line_1_13' title="bbox 911 2194 3018 2283; baseline -0.001 -19"><span class='ocrx_word' id='word_1_83' title='bbox 911 2195 1035 2264; x_wconf 90' lang='lat' dir='ltr'>sed</span> <span class='ocrx_word' id='word_1_84' title='bbox 1072 2194 1404 2283; x_wconf 90' lang='lat' dir='ltr'>principis</span> <span class='ocrx_word' id='word_1_85' title='bbox 1422 2197 1891 2281; x_wconf 87' lang='lat' dir='ltr'>jurisdictioni</span> <span class='ocrx_word' id='word_1_86' title='bbox 1928 2199 2237 2283; x_wconf 89' lang='lat' dir='ltr'>parebat.</span> <span class='ocrx_word' id='word_1_87' title='bbox 2274 2198 2458 2265; x_wconf 91' lang='lat' dir='ltr'>Nihil</span> <span class='ocrx_word' id='word_1_88' title='bbox 2484 2197 2673 2265; x_wconf 84' lang='lat' dir='ltr'>dubi1</span> <span class='ocrx_word' id='word_1_89' title='bbox 2706 2200 2811 2264; x_wconf 87' lang='lat' dir='ltr'>est</span> <span class='ocrx_word' id='word_1_90' title='bbox 2851 2195 3018 2282; x_wconf 87' lang='lat' dir='ltr'>quin</span> 
     </span>
     <span class='ocr_line' id='line_1_14' title="bbox 910 2318 3020 2407; baseline -0 -20"><span class='ocrx_word' id='word_1_91' title='bbox 910 2337 1078 2387; x_wconf 87' lang='lat' dir='ltr'>usus</span> <span class='ocrx_word' id='word_1_92' title='bbox 1105 2318 1194 2386; x_wconf 89' lang='lat' dir='ltr'>sit</span> <span class='ocrx_word' id='word_1_93' title='bbox 1221 2338 1492 2407; x_wconf 88' lang='lat' dir='ltr'>quoque</span> <span class='ocrx_word' id='word_1_94' title='bbox 1526 2322 1917 2406; x_wconf 85' lang='lat' dir='ltr'>proverbiis</span> <span class='ocrx_word' id='word_1_95' title='bbox 1944 2323 2057 2389; x_wconf 92' lang='lat' dir='ltr'>vel</span> <span class='ocrx_word' id='word_1_96' title='bbox 2090 2323 2339 2392; x_wconf 85' lang='lat' dir='ltr'>fabulis</span> <span class='ocrx_word' id='word_1_97' title='bbox 2366 2323 2479 2390; x_wconf 92' lang='lat' dir='ltr'>vel</span> <span class='ocrx_word' id='word_1_98' title='bbox 2521 2321 2837 2390; x_wconf 90' lang='lat' dir='ltr'>cantibus</span> <span class='ocrx_word' id='word_1_99' title='bbox 2866 2337 3020 2406; x_wconf 86' lang='lat' dir='ltr'>quae</span> 
     </span>
     <span class='ocr_line' id='line_1_15' title="bbox 913 2443 3027 2517; baseline 0.001 -7"><span class='ocrx_word' id='word_1_100' title='bbox 913 2443 1121 2510; x_wconf 88' lang='lat' dir='ltr'>etiam</span> <span class='ocrx_word' id='word_1_101' title='bbox 1150 2448 1314 2512; x_wconf 90' lang='lat' dir='ltr'>tunc</span> <span class='ocrx_word' id='word_1_102' title='bbox 1341 2444 1414 2512; x_wconf 91' lang='lat' dir='ltr'>in</span> <span class='ocrx_word' id='word_1_103' title='bbox 1439 2463 1560 2512; x_wconf 91' lang='lat' dir='ltr'>ore</span> <span class='ocrx_word' id='word_1_104' title='bbox 1589 2446 1897 2513; x_wconf 90' lang='lat' dir='ltr'>omnium</span> <span class='ocrx_word' id='word_1_105' title='bbox 1915 2450 2373 2517; x_wconf 86' lang='lat' dir='ltr'>versabantur</span> <span class='ocrx_word' id='word_1_106' title='bbox 2397 2465 2439 2515; x_wconf 87' lang='lat'>¹.</span> <span class='ocrx_word' id='word_1_107' title='bbox 2478 2447 2839 2515; x_wconf 90' lang='lat' dir='ltr'>Neminem</span> <span class='ocrx_word' id='word_1_108' title='bbox 2861 2444 3027 2513; x_wconf 88' lang='lat' dir='ltr'>latet</span> 
     </span>
     <span class='ocr_line' id='line_1_16' title="bbox 913 2569 3027 2657; baseline 0.001 -24"><span class='ocrx_word' id='word_1_109' title='bbox 913 2571 1240 2651; x_wconf 87' lang='lat' dir='ltr'>quantam</span> <span class='ocrx_word' id='word_1_110' title='bbox 1265 2569 1409 2635; x_wconf 91' lang='lat' dir='ltr'>vim</span> <span class='ocrx_word' id='word_1_111' title='bbox 1440 2572 1509 2635; x_wconf 90' lang='lat' dir='ltr'>et</span> <span class='ocrx_word' id='word_1_112' title='bbox 1551 2570 1889 2637; x_wconf 89' lang='lat' dir='ltr'>tenaciam</span> <span class='ocrx_word' id='word_1_113' title='bbox 1933 2571 2116 2657; x_wconf 88' lang='lat' dir='ltr'>apud</span> <span class='ocrx_word' id='word_1_114' title='bbox 2158 2571 2450 2638; x_wconf 88' lang='lat' dir='ltr'>slavicas</span> <span class='ocrx_word' id='word_1_115' title='bbox 2499 2575 2746 2655; x_wconf 87' lang='lat' dir='ltr'>gentes</span> <span class='ocrx_word' id='word_1_116' title='bbox 2775 2570 3027 2638; x_wconf 88' lang='lat' dir='ltr'>habeat</span> 
     </span>
     <span class='ocr_line' id='line_1_17' title="bbox 915 2691 3029 2778; baseline -0 -19"><span class='ocrx_word' id='word_1_117' title='bbox 915 2693 1158 2759; x_wconf 88' lang='lat' dir='ltr'>cantus</span> <span class='ocrx_word' id='word_1_118' title='bbox 1185 2692 1560 2778; x_wconf 89' lang='lat' dir='ltr'>popularis.</span> <span class='ocrx_word' id='word_1_119' title='bbox 1598 2694 1817 2760; x_wconf 91' lang='lat' dir='ltr'>Hodie</span> <span class='ocrx_word' id='word_1_120' title='bbox 1846 2695 2070 2761; x_wconf 89' lang='lat' dir='ltr'>adhuc</span> <span class='ocrx_word' id='word_1_121' title='bbox 2098 2695 2172 2761; x_wconf 91' lang='lat' dir='ltr'>in</span> <span class='ocrx_word' id='word_1_122' title='bbox 2205 2694 2455 2761; x_wconf 89' lang='lat' dir='ltr'>Russia</span> <span class='ocrx_word' id='word_1_123' title='bbox 2496 2695 2770 2760; x_wconf 84' lang='lat' dir='ltr'>exstant</span> <span class='ocrx_word' id='word_1_124' title='bbox 2798 2691 3029 2760; x_wconf 85' lang='lat' dir='ltr'>canti-</span> 
     </span>
     <span class='ocr_line' id='line_1_18' title="bbox 915 2815 3023 2902; baseline 0 -21"><span class='ocrx_word' id='word_1_125' title='bbox 915 2815 1096 2882; x_wconf 88' lang='lat' dir='ltr'>lenae</span> <span class='ocrx_word' id='word_1_126' title='bbox 1141 2815 1214 2881; x_wconf 92' lang='lat' dir='ltr'>in</span> <span class='ocrx_word' id='word_1_127' title='bbox 1257 2816 1506 2901; x_wconf 90' lang='lat' dir='ltr'>quibus</span> <span class='ocrx_word' id='word_1_128' title='bbox 1545 2835 1985 2902; x_wconf 88' lang='lat' dir='ltr'>paganorum</span> <span class='ocrx_word' id='word_1_129' title='bbox 2026 2817 2252 2884; x_wconf 87' lang='lat' dir='ltr'>aetatis</span> <span class='ocrx_word' id='word_1_130' title='bbox 2290 2816 2593 2900; x_wconf 86' lang='lat' dir='ltr'>vestigia</span> <span class='ocrx_word' id='word_1_131' title='bbox 2626 2815 2942 2883; x_wconf 86' lang='lat' dir='ltr'>invenias</span> <span class='ocrx_word' id='word_1_132' title='bbox 2977 2819 3023 2881; x_wconf 83' lang='lat'>⁸.</span> 
     </span>
     <span class='ocr_line' id='line_1_19' title="bbox 915 2936 3028 3030; baseline 0 -22"><span class='ocrx_word' id='word_1_133' title='bbox 915 2942 1270 3008; x_wconf 89' lang='lat' dir='ltr'>Vocantur</span> <span class='ocrx_word' id='word_1_134' title='bbox 1282 2936 1652 3030; x_wconf 73' lang='lat' dir='ltr'>bylinoe,id</span> <span class='ocrx_word' id='word_1_135' title='bbox 1667 2945 1772 3008; x_wconf 88' lang='lat' dir='ltr'>est</span> <span class='ocrx_word' id='word_1_136' title='bbox 1779 2941 2112 3010; x_wconf 80' lang='lat' dir='ltr'>fabulosae</span> <span class='ocrx_word' id='word_1_137' title='bbox 2130 2942 2565 3009; x_wconf 88' lang='lat' dir='ltr'>narrationes</span> <span class='ocrx_word' id='word_1_138' title='bbox 2570 2959 2589 3026; x_wconf 84' lang='lat'>3</span> <span class='ocrx_word' id='word_1_139' title='bbox 2604 2960 2782 3026; x_wconf 90' lang='lat' dir='ltr'>gens</span> <span class='ocrx_word' id='word_1_140' title='bbox 2797 2945 3028 3009; x_wconf 88' lang='lat' dir='ltr'>autem</span> 
     </span>
     <span class='ocr_line' id='line_1_20' title="bbox 915 3045 3028 3148; baseline -0 -15"><span class='ocrx_word' id='word_1_141' title='bbox 915 3065 1215 3133; x_wconf 88' lang='lat' dir='ltr'>ruthena</span> <span class='ocrx_word' id='word_1_142' title='bbox 1244 3045 1901 3133; x_wconf 52' lang='lat' dir='ltr'>sive&#39;malo-russica</span> <span class='ocrx_word' id='word_1_143' title='bbox 1940 3066 2061 3134; x_wconf 93' lang='lat' dir='ltr'>ubi</span> <span class='ocrx_word' id='word_1_144' title='bbox 2103 3066 2349 3133; x_wconf 88' lang='lat' dir='ltr'>Kiovia</span> <span class='ocrx_word' id='word_1_145' title='bbox 2382 3066 2657 3134; x_wconf 89' lang='lat' dir='ltr'>condita</span> <span class='ocrx_word' id='word_1_146' title='bbox 2684 3069 2789 3132; x_wconf 89' lang='lat' dir='ltr'>est</span> <span class='ocrx_word' id='word_1_147' title='bbox 2817 3067 3028 3148; x_wconf 84' lang='lat' dir='ltr'>longe</span> 
     </span>
     <span class='ocr_line' id='line_1_21' title="bbox 919 3190 3032 3275; baseline 0 -18"><span class='ocrx_word' id='word_1_148' title='bbox 919 3193 1078 3257; x_wconf 89' lang='lat' dir='ltr'>ante</span> <span class='ocrx_word' id='word_1_149' title='bbox 1125 3190 1294 3258; x_wconf 88' lang='lat' dir='ltr'>alias</span> <span class='ocrx_word' id='word_1_150' title='bbox 1359 3191 1502 3258; x_wconf 91' lang='lat' dir='ltr'>suis</span> <span class='ocrx_word' id='word_1_151' title='bbox 1575 3190 1939 3257; x_wconf 89' lang='lat' dir='ltr'>cantilenis</span> <span class='ocrx_word' id='word_1_152' title='bbox 2015 3191 2384 3258; x_wconf 88' lang='lat' dir='ltr'>eminebat.</span> <span class='ocrx_word' id='word_1_153' title='bbox 2475 3191 2577 3256; x_wconf 85' lang='lat' dir='ltr'>Ex</span> <span class='ocrx_word' id='word_1_154' title='bbox 2650 3209 2735 3257; x_wconf 88' lang='lat' dir='ltr'>ea</span> <span class='ocrx_word' id='word_1_155' title='bbox 2804 3190 3032 3275; x_wconf 86' lang='lat' dir='ltr'>prisca</span> 
     </span>
     <span class='ocr_line' id='line_1_22' title="bbox 917 3312 3032 3400; baseline -0.002 -18"><span class='ocrx_word' id='word_1_156' title='bbox 917 3315 1123 3382; x_wconf 88' lang='lat' dir='ltr'>aetate</span> <span class='ocrx_word' id='word_1_157' title='bbox 1152 3318 1469 3399; x_wconf 89' lang='lat' dir='ltr'>superest</span> <span class='ocrx_word' id='word_1_158' title='bbox 1495 3313 1696 3383; x_wconf 89' lang='lat' dir='ltr'>nobis</span> <span class='ocrx_word' id='word_1_159' title='bbox 1728 3315 2020 3398; x_wconf 88' lang='lat' dir='ltr'>longum</span> <span class='ocrx_word' id='word_1_160' title='bbox 2044 3331 2294 3400; x_wconf 90' lang='lat' dir='ltr'>poema</span> <span class='ocrx_word' id='word_1_161' title='bbox 2323 3314 2435 3380; x_wconf 92' lang='lat' dir='ltr'>cui</span> <span class='ocrx_word' id='word_1_162' title='bbox 2462 3331 2717 3380; x_wconf 90' lang='lat' dir='ltr'>nomen</span> <span class='ocrx_word' id='word_1_163' title='bbox 2739 3312 3032 3378; x_wconf 91' lang='lat' dir='ltr'>inditum</span> 
     </span>
     <span class='ocr_line' id='line_1_23' title="bbox 921 3435 3034 3519; baseline -0.001 -17"><span class='ocrx_word' id='word_1_164' title='bbox 921 3438 1056 3502; x_wconf 88' lang='lat' dir='ltr'>est:</span> <span class='ocrx_word' id='word_1_165' title='bbox 1075 3435 1342 3502; x_wconf 92' lang='lat' dir='ltr'>Bellum</span> <span class='ocrx_word' id='word_1_166' title='bbox 1361 3436 1588 3519; x_wconf 88' lang='lat' dir='ltr'>Igoris</span> <span class='ocrx_word' id='word_1_167' title='bbox 1605 3444 1649 3503; x_wconf 86' lang='lat'>⁸.</span> <span class='ocrx_word' id='word_1_168' title='bbox 1668 3437 2119 3506; x_wconf 89' lang='lat' dir='ltr'>Recentiores</span> <span class='ocrx_word' id='word_1_169' title='bbox 2142 3439 2375 3505; x_wconf 89' lang='lat' dir='ltr'>autem</span> <span class='ocrx_word' id='word_1_170' title='bbox 2394 3435 2729 3504; x_wconf 89' lang='lat' dir='ltr'>habemus</span> <span class='ocrx_word' id='word_1_171' title='bbox 2741 3436 3034 3504; x_wconf 88' lang='lat' dir='ltr'>Cosaco-</span> 
     </span>
     <span class='ocr_line' id='line_1_24' title="bbox 921 3556 3036 3645; baseline -0.001 -19"><span class='ocrx_word' id='word_1_172' title='bbox 921 3577 1079 3626; x_wconf 87' lang='lat' dir='ltr'>rum</span> <span class='ocrx_word' id='word_1_173' title='bbox 1112 3563 1354 3627; x_wconf 88' lang='lat' dir='ltr'>cantus</span> <span class='ocrx_word' id='word_1_174' title='bbox 1373 3560 1489 3645; x_wconf 86' lang='lat' dir='ltr'>qui</span> <span class='ocrx_word' id='word_1_175' title='bbox 1519 3570 1761 3629; x_wconf 89' lang='lat' dir='ltr'>eorum</span> <span class='ocrx_word' id='word_1_176' title='bbox 1784 3561 2029 3644; x_wconf 86' lang='lat' dir='ltr'>lingua</span> <span class='ocrx_word' id='word_1_177' title='bbox 2047 3556 2253 3629; x_wconf 73' lang='lat' dir='ltr'>dumi</span> <span class='ocrx_word' id='word_1_178' title='bbox 2278 3562 2615 3628; x_wconf 89' lang='lat' dir='ltr'>vocantur</span> <span class='ocrx_word' id='word_1_179' title='bbox 2632 3573 2656 3605; x_wconf 72' lang='lat'>⁸</span> <span class='ocrx_word' id='word_1_180' title='bbox 2688 3563 2761 3628; x_wconf 84' lang='lat' dir='ltr'>et</span> <span class='ocrx_word' id='word_1_181' title='bbox 2787 3557 3036 3643; x_wconf 86' lang='lat' dir='ltr'>quibus</span> 
     </span>
     <span class='ocr_line' id='line_1_25' title="bbox 924 3681 3035 3766; baseline -0.001 -16"><span class='ocrx_word' id='word_1_182' title='bbox 924 3701 1055 3750; x_wconf 90' lang='lat' dir='ltr'>nec</span> <span class='ocrx_word' id='word_1_183' title='bbox 1072 3683 1407 3766; x_wconf 84' lang='lat' dir='ltr'>gravitas,</span> <span class='ocrx_word' id='word_1_184' title='bbox 1431 3702 1562 3751; x_wconf 86' lang='lat' dir='ltr'>nec</span> <span class='ocrx_word' id='word_1_185' title='bbox 1593 3687 1920 3751; x_wconf 88' lang='lat' dir='ltr'>venustas</span> <span class='ocrx_word' id='word_1_186' title='bbox 1936 3682 2152 3749; x_wconf 88' lang='lat' dir='ltr'>deest.</span> <span class='ocrx_word' id='word_1_187' title='bbox 2178 3682 2553 3750; x_wconf 87' lang='lat' dir='ltr'>Cantilenae</span> <span class='ocrx_word' id='word_1_188' title='bbox 2571 3698 2739 3748; x_wconf 91' lang='lat' dir='ltr'>vero</span> <span class='ocrx_word' id='word_1_189' title='bbox 2760 3681 3035 3748; x_wconf 84' lang='lat' dir='ltr'>slavicae</span> 
     </span>
    </p>
   </div>
   <div class='ocr_carea' id='block_1_3' title="bbox 997 3845 1683 3920">
    <p class='ocr_par' dir='ltr' id='par_1_3' title="bbox 997 3845 1683 3920">
     <span class='ocr_line' id='line_1_26' title="bbox 997 3845 1683 3920; baseline 0 -18"><span class='ocrx_word' id='word_1_190' title='bbox 997 3845 1012 3876; x_wconf 88' lang='lat'><strong>¹</strong></span> <span class='ocrx_word' id='word_1_191' title='bbox 1049 3850 1148 3902; x_wconf 85' lang='lat' dir='ltr'>Ex.</span> <span class='ocrx_word' id='word_1_192' title='bbox 1178 3859 1305 3920; x_wconf 81' lang='lat' dir='ltr'>grat.</span> <span class='ocrx_word' id='word_1_193' title='bbox 1336 3848 1683 3918; x_wconf 81' lang='lat' dir='ltr'>Cap.XLV1.</span> 
     </span>
    </p>
   </div>
   <div class='ocr_carea' id='block_1_4' title="bbox 921 3933 3037 4133">
    <p class='ocr_par' dir='ltr' id='par_1_4' title="bbox 921 3933 3037 4133">
     <span class='ocr_line' id='line_1_27' title="bbox 990 3933 3037 4008; baseline -0.002 -19"><span class='ocrx_word' id='word_1_194' title='bbox 990 3934 1014 3964; x_wconf 73' lang='lat'><strong>⁹</strong></span> <span class='ocrx_word' id='word_1_195' title='bbox 1049 3940 1127 3989; x_wconf 85' lang='lat' dir='ltr'>De</span> <span class='ocrx_word' id='word_1_196' title='bbox 1161 3949 1335 3990; x_wconf 84' lang='lat' dir='ltr'>cantus</span> <span class='ocrx_word' id='word_1_197' title='bbox 1353 3939 1606 4007; x_wconf 84' lang='lat' dir='ltr'>popularis</span> <span class='ocrx_word' id='word_1_198' title='bbox 1650 3957 1749 3990; x_wconf 81' lang='lat' dir='ltr'>usu</span> <span class='ocrx_word' id='word_1_199' title='bbox 1786 3940 1918 4008; x_wconf 84' lang='lat' dir='ltr'>apud</span> <span class='ocrx_word' id='word_1_200' title='bbox 1968 3935 2230 3990; x_wconf 85' lang='lat' dir='ltr'>Nestorem</span> <span class='ocrx_word' id='word_1_201' title='bbox 2268 3937 2504 3988; x_wconf 82' lang='lat' dir='ltr'>disseruit</span> <span class='ocrx_word' id='word_1_202' title='bbox 2536 3934 2769 3989; x_wconf 78' lang='lat' dir='ltr'>Saffarik.</span> <span class='ocrx_word' id='word_1_203' title='bbox 2836 3933 3037 3986; x_wconf 70' lang='lat' dir='ltr'>slavicos</span> 
     </span>
     <span class='ocr_line' id='line_1_28' title="bbox 921 4007 3035 4080; baseline -0.003 -18"><span class='ocrx_word' id='word_1_204' title='bbox 921 4009 1268 4078; x_wconf 59' lang='lat' dir='ltr'>Antiquitatu-</span> <span class='ocrx_word' id='word_1_205' title='bbox 1318 4010 1483 4061; x_wconf 83' lang='lat' dir='ltr'>Editio</span> <span class='ocrx_word' id='word_1_206' title='bbox 1510 4011 1853 4071; x_wconf 82' lang='lat' dir='ltr'>Bentkowski,</span> <span class='ocrx_word' id='word_1_207' title='bbox 1878 4029 1927 4080; x_wconf 89' lang='lat' dir='ltr'>p.</span> <span class='ocrx_word' id='word_1_208' title='bbox 1958 4015 2038 4062; x_wconf 76' lang='lat'>32⁴</span> <span class='ocrx_word' id='word_1_209' title='bbox 2064 4028 2143 4080; x_wconf 84' lang='lat' dir='ltr'>sq.</span> <span class='ocrx_word' id='word_1_210' title='bbox 2170 4009 2312 4061; x_wconf 88' lang='lat' dir='ltr'>Tom.</span> <span class='ocrx_word' id='word_1_211' title='bbox 2353 4014 2397 4059; x_wconf 93' lang='grc'>1.</span> <span class='ocrx_word' id='word_1_212' title='bbox 2421 4007 2747 4076; x_wconf 77' lang='lat' dir='ltr'>Pogodinus&#39;</span> <span class='ocrx_word' id='word_1_213' title='bbox 2732 4025 2785 4058; x_wconf 89' lang='lat' dir='ltr'>1n</span> <span class='ocrx_word' id='word_1_214' title='bbox 2804 4012 2909 4072; x_wconf 81' lang='lat' dir='ltr'>jam</span> <span class='ocrx_word' id='word_1_215' title='bbox 2936 4021 3035 4055; x_wconf 86' lang='lat' dir='ltr'>no-</span> 
     </span>
     <span class='ocr_line' id='line_1_29' title="bbox 922 4084 1494 4133; baseline 0 -1"><span class='ocrx_word' id='word_1_216' title='bbox 922 4084 1108 4133; x_wconf 79' lang='lat' dir='ltr'>minata</span> <span class='ocrx_word' id='word_1_217' title='bbox 1135 4084 1494 4133; x_wconf 81' lang='lat' dir='ltr'>dissertatione.</span> 
     </span>
    </p>
   </div>
   <div class='ocr_carea' id='block_1_5' title="bbox 923 4133 3043 4381">
    <p class='ocr_par' dir='ltr' id='par_1_5' title="bbox 923 4133 3043 4381">
     <span class='ocr_line' id='line_1_30' title="bbox 1002 4133 3043 4229; baseline -0.004 -7"><span class='ocrx_word' id='word_1_218' title='bbox 1002 4164 1024 4196; x_wconf 83' lang='lat'>⁸</span> <span class='ocrx_word' id='word_1_219' title='bbox 1067 4169 1260 4222; x_wconf 82' lang='lat' dir='ltr'>Gallice</span> <span class='ocrx_word' id='word_1_220' title='bbox 1291 4171 1602 4228; x_wconf 82' lang='lat' dir='ltr'>translatum,</span> <span class='ocrx_word' id='word_1_221' title='bbox 1641 4133 1763 4229; x_wconf 77' lang='lat' dir='ltr'>ap·</span> <span class='ocrx_word' id='word_1_222' title='bbox 1769 4169 2029 4228; x_wconf 80' lang='lat' dir='ltr'>Eichhoff,</span> <span class='ocrx_word' id='word_1_223' title='bbox 2066 4167 2287 4221; x_wconf 71' lang='lat' dir='ltr'>Histom</span> <span class='ocrx_word' id='word_1_224' title='bbox 2320 4171 2401 4221; x_wconf 72' lang='lat' dir='ltr'>doe</span> <span class='ocrx_word' id='word_1_225' title='bbox 2438 4159 2734 4222; x_wconf 65' lang='lat' dir='ltr'>litter-attona</span> <span class='ocrx_word' id='word_1_226' title='bbox 2774 4166 2957 4227; x_wconf 64' lang='lat' dir='ltr'>slaves,</span> <span class='ocrx_word' id='word_1_227' title='bbox 2992 4171 3043 4214; x_wconf 80' lang='lat' dir='ltr'>et</span> 
     </span>
     <span class='ocr_line' id='line_1_31' title="bbox 923 4238 3041 4309; baseline -0.004 -15"><span class='ocrx_word' id='word_1_228' title='bbox 923 4242 1260 4295; x_wconf 80' lang='lat' dir='ltr'>Mickiewicz..</span> <span class='ocrx_word' id='word_1_229' title='bbox 1275 4241 1367 4294; x_wconf 71' lang='lat' dir='ltr'>zos</span> <span class='ocrx_word' id='word_1_230' title='bbox 1392 4240 1572 4304; x_wconf 64' lang='lat' dir='ltr'>slavos,</span> <span class='ocrx_word' id='word_1_231' title='bbox 1595 4249 1715 4296; x_wconf 80' lang='lat' dir='ltr'>tom.</span> <span class='ocrx_word' id='word_1_232' title='bbox 1743 4241 1787 4292; x_wconf 93' lang='lat'>1.</span> <span class='ocrx_word' id='word_1_233' title='bbox 1806 4241 2009 4309; x_wconf 83' lang='lat' dir='ltr'>Optima</span> <span class='ocrx_word' id='word_1_234' title='bbox 2034 4242 2184 4294; x_wconf 83' lang='lat' dir='ltr'>editio</span> <span class='ocrx_word' id='word_1_235' title='bbox 2202 4241 2404 4309; x_wconf 80' lang='lat' dir='ltr'>vulgata</span> <span class='ocrx_word' id='word_1_236' title='bbox 2422 4247 2515 4297; x_wconf 83' lang='lat' dir='ltr'>est.</span> <span class='ocrx_word' id='word_1_237' title='bbox 2543 4247 2745 4288; x_wconf 76' lang='lat' dir='ltr'>curante</span> <span class='ocrx_word' id='word_1_238' title='bbox 2764 4238 3041 4307; x_wconf 80' lang='lat' dir='ltr'>professore</span> 
     </span>
     <span class='ocr_line' id='line_1_32' title="bbox 925 4313 1528 4381; baseline -0.002 -15"><span class='ocrx_word' id='word_1_239' title='bbox 925 4313 1153 4366; x_wconf 80' lang='lat' dir='ltr'>Hattala.</span> <span class='ocrx_word' id='word_1_240' title='bbox 1183 4314 1528 4381; x_wconf 76' lang='lat' dir='ltr'>Pragae,1857·</span> 
     </span>
    </p>
   </div>
   <div class='ocr_carea' id='block_1_6' title="bbox 928 4393 3043 4610">
    <p class='ocr_par' dir='ltr' id='par_1_6' title="bbox 928 4393 3043 4610">
     <span class='ocr_line' id='line_1_33' title="bbox 997 4393 2121 4458; baseline 0 -6"><span class='ocrx_word' id='word_1_241' title='bbox 997 4393 1025 4427; x_wconf 68' lang='lat'>⁶</span> <span class='ocrx_word' id='word_1_242' title='bbox 1055 4399 1256 4453; x_wconf 74' lang='lat' dir='ltr'>Collecti</span> <span class='ocrx_word' id='word_1_243' title='bbox 1277 4418 1309 4452; x_wconf 84' lang='lat' dir='ltr'><em>a</em></span> <span class='ocrx_word' id='word_1_244' title='bbox 1333 4397 1686 4452; x_wconf 62' lang='lat' dir='ltr'>Mmmmioz.</span> <span class='ocrx_word' id='word_1_245' title='bbox 1707 4398 1971 4458; x_wconf 82' lang='lat' dir='ltr'>Moskwoe,</span> <span class='ocrx_word' id='word_1_246' title='bbox 1998 4405 2121 4452; x_wconf 77' lang='lat'>1829.</span> 
     </span>
     <span class='ocr_line' id='line_1_34' title="bbox 928 4463 3043 4610; baseline -0.002 -88"><span class='ocrx_word' id='word_1_247' title='bbox 928 4470 1205 4610; x_wconf 51' lang='grc' dir='ltr'>8ιέιῖἒὲεὲ</span> <span class='ocrx_word' id='word_1_248' title='bbox 1218 4473 1498 4594; x_wconf 42' lang='lat' dir='ltr'>{amnica</span> <span class='ocrx_word' id='word_1_249' title='bbox 1526 4471 1819 4522; x_wconf 77' lang='lat' dir='ltr'>translatio:</span> <span class='ocrx_word' id='word_1_250' title='bbox 1850 4473 1946 4523; x_wconf 88' lang='lat' dir='ltr'>Die</span> <span class='ocrx_word' id='word_1_251' title='bbox 1972 4469 2222 4538; x_wconf 80' lang='lat' dir='ltr'>poetische</span> <span class='ocrx_word' id='word_1_252' title='bbox 2248 4468 2468 4521; x_wconf 77' lang='lat' dir='ltr'>Ukraine</span> <span class='ocrx_word' id='word_1_253' title='bbox 2494 4487 2592 4522; x_wconf 80' lang='lat' dir='ltr'>von</span> <span class='ocrx_word' id='word_1_254' title='bbox 2618 4463 2949 4550; x_wconf 80' lang='lat' dir='ltr'>Bodenstedt.</span> <span class='ocrx_word' id='word_1_255' title='bbox 2970 4483 3043 4502; x_wconf 77' lang='lat'>-··</span> 
     </span>
    </p>
   </div>
  </div>
 </body>
</html>
