3409 5642
1258 704 1330 722 ...
1361 681 1428 738 33
1463 707 1536 722 ...-

352 809 580 884 torum
631 823 841 874 manu
885 795 1199 875 versatos
1245 825 1398 874 esse
1441 809 1591 892 jam
1643 823 1855 892 supra
1897 803 2219 874 diximus.
2286 807 2453 876 Sero

351 933 584 998 tamen
635 931 856 1017 prima
905 914 1110 999 editio
1146 932 1498 999 annalium
1543 932 1616 999 in
1665 931 1891 1000 lucem
1943 931 2199 1018 prodiit
2246 950 2454 1019 quam

345 1051 604 1142 aliquot
637 1061 892 1125 secutae
939 1061 1122 1124 sunt.
1155 1060 1424 1138 „Omnes
1475 1075 1660 1125 nunc
1709 1056 1949 1125 ordine
1996 1056 2453 1144 perlustrabi-

340 1201 522 1250 mus.

431 1307 496 1372 1ο
517 1306 740 1374 Editio
772 1307 1118 1393 princepS,
1152 1308 1325 1374 1767
1360 1307 1736 1395 Petropoli,
1772 1306 1968 1374 ἰπὶ-40.
2008 1309 2297 1374 Textum
2342 1325 2446 1374 se-

339 1431 570 1515 quitur
595 1432 934 1517 imprimis
966 1433 1532 1502 Radzivillensem
1556 1448 1572 1499 z
1598 1433 1948 1502 erroribus
1978 1437 2194 1501 scatet
2223 1432 2443 1518 :apud

340 1559 650 1623 veterum
677 1556 1010 1624 librorum
1041 1561 1382 1625 amatores
1411 1561 1677 1625 tantum
1710 1558 1913 1626 valet.

429 1681 499 1746 2⁰
543 1682 813 1763 Nestor,
855 1682 1224 1750 Russische
1273 1684 1569 1751 annalen
1616 1684 1690 1751 in
1733 1682 1922 1750 ihrer
1969 1681 2448 1753 slavonischen

345 1807 870 1893 grundsprache
921 1808 1352 1891 verglichen,
1419 1807 1736 1876 ubersetz
1785 1807 1927 1874 und
1988 1806 2251 1874 erklart
2308 1826 2449 1875 von

340 1930 616 2014 August
643 1933 936 2017 Ludwig
968 1933 1363 2001 Schloetzer.
1381 1933 1804 2016 Goettingen.
1838 1933 2068 2002 Theile
2103 1934 2451 2014 1-5.1802-

343 2058 541 2125 1809.
576 2060 798 2128 Editio
834 2060 951 2126 illa
977 2061 1285 2128 Nestoris
1317 2064 1608 2142 textum,
1629 2059 1860 2127 latinis
1894 2060 2103 2146 typiS,
2141 2060 2263 2128 sed
2290 2064 2453 2128 tan-

341 2154 490 2250 tum
517 2183 604 2250 ad
631 2203 890 2252 annum
917 2186 1074 2268 980,
1099 2186 1191 2253 tid
1227 2190 1356 2268 est,
1387 2190 1702 2271 quartam
1735 2186 1855 2253 vix
1897 2186 2249 2254 annalium
2280 2205 2451 2273 par-

341 2311 480 2375 tem
541 2309 844 2377 continet
883 2324 898 2375 ε
937 2329 1110 2396 opus
1147 2311 1480 2396 optimum
1521 2314 1598 2379 ut
1640 2329 1683 2377 a
1737 2312 2104 2392 Germano,
2151 2310 2226 2377 in
2262 2312 2452 2378 tanta

340 2449 574 2498 rerum
625 2433 1038 2500 slavicarum
1083 2435 1506 2518 ignorantia,
1551 2435 1949 2517 vulgatum,
1987 2437 2185 2500 caute
2218 2436 2449 2500 tamen

342 2556 544 2623 hodie
591 2556 988 2640 legendum,
1051 2559 1161 2625 vel
1214 2559 1444 2646 potius
1508 2577 1648 2627 non
1689 2558 2083 2642 legendum.
2136 2556 2447 2642 Optimos

339 2699 586 2766 nempe
615 2684 842 2750 textus
871 2702 1012 2750 non
1043 2685 1238 2751 novit
1261 2684 1631 2752 Schloetzer
1657 2684 1774 2770 quj
1804 2689 2143 2770 praeterea
2184 2683 2447 2766 linguae

343 2804 714 2872 slavonicae
764 2826 1008 2893 parum
1054 2812 1201 2876 erat
1241 2809 1523 2895 peritus.
1574 2809 1956 2877 Translatio
2008 2808 2224 2893 igitur
2264 2823 2451 2892 saepe

342 2932 625 3014 peccat:
661 2932 1224 3034 commentarium
1251 2934 1659 3001 ditissimum
1689 2937 1817 3015 est,
1854 2937 1924 3000 at
1960 2931 2163 2999 hodie
2195 2947 2453 3013 magna

347 3073 435 3120 ex
467 3059 666 3141 parte
713 3058 1136 3126 obsoletum:
1188 3059 1661 3126 commentarii
1707 3061 2061 3126 auctorem
2101 3075 2245 3123 non
2290 3055 2455 3121 satis

343 3199 546 3248 usum
575 3201 722 3249 esse
748 3182 1082 3268 polonicis
1109 3182 1452 3250 chronicis
1493 3181 1725 3250 dolent
1764 3180 2005 3247 Poloni
2036 3175 2079 3245 ¹.
2119 3176 2455 3258 Schloetz-

343 3307 469 3373 erii
493 3325 666 3391 opus
693 3309 1029 3375 russicam
1051 3308 1124 3374 in
1155 3308 1468 3391 linguam
1491 3307 1698 3375 vertit
1732 3305 2037 3391 Jazykov
2057 3312 2102 3370 ⁸.
2134 3301 2483 3371 Codicem¹

341 3431 944 3515 regiomontanum
969 3435 1242 3499 secutus
1257 3431 1371 3500 'est
1396 3431 1789 3499 Schloetzer.
1887 3459 1891 3468 ·

433 3557 502 3622 3⁰
531 3554 753 3622 Editio
789 3555 1239 3642 Timkovsky,
1271 3556 1579 3624 Moskvae
1617 3556 1815 3636 1824,
1848 3553 2059 3634 in-40,
2080 3551 2166 3618 ad
2200 3568 2458 3616 annum

359 3679 533 3747 1019
559 3680 896 3766 perducta
933 3697 948 3746 ε
1000 3685 1262 3750 textum
1314 3681 1620 3767 sequitur
1646 3677 2178 3747 Laurentinum:
2217 3693 2462 3760 parum

349 3803 572 3870 adhuc
606 3805 998 3890 probabilis,

437 3935 508 4000 4⁰
536 3933 794 4003 Polnoe
839 3936 1184 4018 sobranie,
1235 3939 1425 4002 etc...
1459 3934 1528 4000 id
1571 3938 1701 4017 est,
1736 3933 2060 4002 Collectio
2094 3931 2466 4000 chronico-

357 4075 512 4126 rum
541 4059 971 4127 russicorum
1001 4078 1338 4146 supremo
1365 4060 1572 4142 ‚iussu
1617 4058 1822 4139 edita,
1864 4061 2149 4126 curante
2179 4053 2483 4128 concilio

358 4173 1015 4274 archoeoyraphicO.
1097 4185 1375 4251 Tomus·
1397 4185 1429 4248 I
1461 4187 1530 4250 et
1559 4185 1622 4258 II
1663 4186 1927 4249 textum
1982 4179 2471 4248 Laurentinum

363 4311 431 4373 et
453 4311 717 4375 textum
744 4309 1066 4393 Troitsky
1093 4309 1418 4376 continet.
1437 4306 1782 4394 Petropoli
1804 4306 2002 4388 1846,
2032 4306 2225 4372 in-40.
2252 4301 2471 4372 Editio

441 4504 458 4535 ¹
497 4481 597 4561 Ex'.
631 4513 791 4578 gratia
817 4510 1046 4562 Lelewell
1067 4519 1116 4563 et
1137 4486 1420 4563 Bielowski.

442 4595 462 4624 ²
496 4599 761 4667 Potropoli,
801 4605 923 4651 180⁹.
