3409 5642
1285 755 1358 769 .-
1397 727 1465 783 37
1503 757 1574 768 .-

371 852 709 942 polonicae
731 851 1043 919 historiae
1074 853 1456 920 collectioni
1481 873 1638 939 quae
1666 853 1849 921 inter
1876 857 2483 942 praestantissimas

368 984 578 1067 hujus
621 981 888 1062 saeculi,
919 981 1288 1047 dummodo
1324 983 1746 1067 perficiatur,
1786 984 2133 1053 eminebit.
2176 987 2485 1065 Nestoris

370 1106 654 1184 annales
702 1104 776 1170 in
819 1105 1043 1191 primo
1086 1106 1432 1174 volumine
1473 1125 1515 1172 a
1555 1106 1815 1192 pagina
1845 1109 1971 1174 521
2022 1109 2108 1175 ad
2153 1111 2484 1197 paginam

372 1231 505 1297 835
523 1228 982 1297 continentur.
1018 1231 1309 1298 Textum
1341 1232 1742 1317 hypaticum
1772 1233 2081 1318 sequitur
2110 1235 2484 1302 Bielowski

370 1355 582 1423 variis
601 1356 877 1423 auctum
893 1355 1332 1440 lectionibus;
1357 1357 1685 1443 praecedit
1698 1359 2044 1426 luculenta
2058 1360 2444 1426 dissertatio
2468 1375 2483 1426 :

369 1480 651 1548 nomina
679 1481 960 1568 propria
999 1481 1208 1547 index
1236 1481 1564 1549 continet.
1598 1484 2026 1552 Paucissima
2054 1503 2229 1570 ergo
2255 1485 2331 1552 in
2352 1486 2482 1552 hac

367 1607 666 1674 editione
703 1607 1156 1674 desideranda
1183 1608 1351 1674 mihi
1383 1608 1729 1676 videntur.

454 1732 558 1797 Ex
601 1731 717 1797 illa
772 1729 1178 1798 recensione
1237 1731 1552 1798 videmus
1613 1732 1785 1799 duas
1840 1735 2110 1801 tantum
2176 1732 2485 1801 Nestoris

364 1858 584 1925 bonas
625 1874 776 1923 esse
809 1855 1168 1936 editioneS,
1207 1854 1620 1922 Miklosichii
1659 1856 1924 1922 scilicet
1975 1859 2045 1923 et
2079 1856 2478 1924 Bielowski.

370 1980 499 2058 Qui
525 1982 612 2048 ad
637 1981 807 2048 alias
846 1984 1161 2048 recurret
1192 1999 1439 2066 parum
1475 1980 1605 2047 sibi
1638 1984 1705 2047 et
1740 1981 1891 2047 aliis
1924 1981 2261 2066 proderit.

461 2109 792 2184 Quaedam
823 2126 1032 2187 nunc,
1055 2109 1134 2172 ut
1162 2106 1354 2193 operi
1375 2107 1585 2174 finem
1621 2106 1897 2190 faciam,
1923 2109 2139 2175 verba
2164 2108 2249 2174 de
2276 2107 2491 2175 variis

355 2233 725 2310 ,annalium
751 2232 1312 2299 translationibus
1331 2232 1621 2299 dicenda
1653 2236 1837 2300 sunt.

461 2359 543 2424 A.
609 2357 1114 2424 Translationes
1182 2357 1628 2441 germanicae.
1713 2356 1891 2423 Ante
1974 2356 2495 2424 Schloetzerium

375 2483 728 2551 translatio
788 2481 974 2548 edita
1031 2483 1138 2547 est
1193 2482 1509 2566 quaedam
1542 2481 1849 2548 Nestoris
1886 2500 2092 2567 quam
2144 2500 2232 2547 ne
2290 2501 2495 2548 men-

373 2605 560 2673 tione
613 2605 890 2691 quidem
961 2605 1245 2688 dignam
1318 2623 1469 2671 esse
1537 2609 1700 2691 puto
1747 2604 1807 2689 ι;
1847 2607 1975 2672 -de
2043 2605 2494 2673 translatione

375 2731 799 2798 Schloetzerii
855 2730 1135 2811 eadem,
1204 2749 1360 2815 quae
1427 2732 1510 2796 de
1579 2733 1774 2798 textu
1830 2734 1897 2798 et
1956 2731 2492 2814 commentario,

377 2856 510 2923 dici
540 2859 849 2942 possunt.
883 2858 1048 2922 Post
1076 2855 1598 2922 Schloetzerium
1617 2854 1832 2922 edidit
1861 2856 2130 2923 Muller.
2157 2855 2492 2936 Berolini,

379 2983 574 3049 1812.
652 2981 1118 3049 Altrussische
1190 2982 1594 3064 geschichte
1667 2983 1849 3048 nach
1911 2981 2181 3048 Nestor.
2239 2982 2494 3047 Parum

373 3107 728 3193 probabile
763 3126 962 3193 opus.
1122 3181 1126 3188 ⁸

463 3235 541 3300 B.
597 3233 968 3300 Polonicae.
1032 3231 1445 3299 Kotkowski
1510 3231 1875 3298 Nestorem
1936 3248 2154 3315 usque
2208 3230 2295 3297 ad
2362 3248 2496 3296 an-

373 3378 540 3426 num
568 3359 698 3424 984
735 3358 903 3425 satis
934 3357 1228 3424 fideliter
1255 3356 1486 3423 vertit.
1545 3356 1760 3442 Apud¹
1803 3355 2177 3421 Bielowski
2236 3354 2497 3422 Ruthe-

371 3503 504 3550 nus
559 3481 1008 3566 Vahylewicz
1071 3480 1259 3546 dedit
1323 3479 1846 3546 translationem
1907 3479 2296 3564 polonicam
2362 3479 2498 3546 ele-

373 3611 658 3692 gantem
702 3607 980 3693 quidem
1044 3607 1167 3674 sed
1221 3605 1518 3672 celerius
1574 3604 1960 3672 confectam
2014 3620 2030 3670 :
2088 3605 2255 3691 quid
2295 3604 2496 3672 facile

371 3733 746 3816 intellecta,
765 3735 928 3820 quid
956 3733 1230 3800 difficile
1266 3735 1446 3798 esset
1487 3734 1728 3798 auctor
1762 3750 1902 3798 non
1931 3731 2096 3798 satis
2133 3731 2331 3818 pensi
2364 3732 2497 3797 ha—

369 3857 544 3939 buit,
609 3876 795 3943 saepe
857 3860 1150 3925 verbum
1203 3857 1290 3923 ad
1351 3858 1643 3923 verbum
1697 3857 2028 3924 transfert
2098 3859 2167 3923 et
2218 3874 2497 3922 sensum

373 3983 569 4068 parvi
625 3982 790 4050 facit
823 3998 838 4048 :
874 3984 1202 4050 obscuras
1236 4001 1446 4048 voces
1478 3981 1865 4048 slavonicas
1886 3977 2222 4071 polonice
2261 3982 2498 4046 trans-

381 4107 608 4190 cribit,
641 4128 768 4175 nec
789 4111 1066 4196 reputat
1090 4127 1334 4174 vocem
1365 4125 1556 4177 mera
1572 4105 2105 4192 transcriptione
2131 4105 2495 4173 clariorem

379 4249 522 4298 non
566 4232 742 4299 fieri.

471 4356 548 4422 C.
634 4356 1049 4448 Bohemicae.
1090 4356 1451 4423 Nestorem
1484 4355 1858 4423 Bohemico
1914 4355 2249 4442 sermone]
2285 4354 2497 4423 edidit

457 4625 473 4656 ¹
515 4631 645 4685 Vide
683 4635 914 4687 Daunou.
952 4635 1160 4690 Jmomaz
1181 4638 1260 4690 des
1286 4635 1512 4698 Savann,
1536 4636 1641 4686 loco
1664 4636 1831 4686 citato.
