3409 5642
1794 745 1867 760 ....
1903 719 1971 774 30
1996 746 2069 761 ..-

877 841 974 908 De
1001 840 1213 908 variis
1248 840 1686 927 opinionibus
1741 860 2117 928 numquam
2181 841 2542 928 disputat¹‚
2588 821 2711 910 sed
2768 843 3001 929 potis-

879 963 1124 1030 simam
1173 965 1390 1048 eligit.
1462 965 1589 1032 Vir
1641 966 1901 1051 probus
1956 972 2064 1035 est
2120 984 2511 1051 quanquam
2540 984 2681 1033 non
2722 965 2994 1033 dicendi

875 1089 1161 1174 peritus.
1230 1089 1358 1165 Qui
1418 1090 1488 1156 in
1547 1091 1894 1158 chronicis
1930 1096 2257 1160 notantur
2295 1111 2569 1160 errores
2601 1092 2798 1177 parvi
2834 1095 2997 1158 sunt

874 1212 1225 1299 ponderis,
1290 1215 1369 1281 In
1426 1235 1717 1282 numero
1791 1233 2130 1284 annorum
2192 1218 2375 1303 quod
2428 1236 2469 1283 a
2515 1217 2864 1300 Bulgariae
2927 1217 2997 1281 et

878 1339 1168 1407 Graeciae
1225 1341 1678 1427 imperatores
1714 1345 1955 1412 attinet
2008 1328 2365 1429 aliquoties
2427 1346 2635 1410 errat.
2700 1343 2995 1426 Linguae

878 1481 1137 1547 graecae
1155 1465 1447 1548 ignarus
1479 1469 1609 1548 est,
1659 1468 1841 1534 unde
1897 1470 1975 1535 fit
2008 1472 2086 1535 ut
2126 1467 2394 1534 foedera
2440 1466 2993 1550 graeco-russioa

875 1590 1018 1654 tam
1046 1589 1342 1656 obscuro
1373 1591 1553 1676 stylo
1583 1592 1784 1660 nobis
1808 1591 2185 1659 tradiderit.
2231 1590 2795 1658 Scandinavicam
2861 1590 2992 1657 lin-

877 1729 1090 1795 guam
1109 1713 1442 1796 ignorat'.
1468 1717 1592 1782 His
1623 1719 1889 1784 tantum
1922 1717 2227 1802 exceptis
2248 1716 2536 1783 maculis
2564 1716 2703 1782 fide
2730 1715 2992 1798 dignis-

877 1835 1094 1904 simus
1139 1837 1434 1906 videtur.
1481 1841 1654 1907 Cum
1684 1841 2033 1908 chronicis
2065 1841 2279 1907 multa
2314 1839 2738 1907 concordant
2764 1839 2989 1906 docu-

875 1966 1109 2029 menta
1150 1964 1459 2048 ejusdem
1499 1965 1609 2030 vel
1658 1966 2026 2032 anterioris
2068 1965 2179 2032 vel
2225 1964 2627 2051 posterioris
2668 1965 2802 2031 aevi
2850 1978 2867 2028 t
2914 1966 2991 2030 ut

881 2088 1062 2174 apud
1086 2089 1356 2155 Russos
1387 2089 1736 2156 slavonice
1773 2090 2105 2175 scriptum
2130 2089 2584 2171 Evangelium
2625 2085 2987 2156 Ostromiri

876 2209 1616 2298 (1096),testamentum
1633 2210 1995 2281 Vladimiri
2027 2213 2463 2280 monomachi
2484 2217 2552 2280 et
2571 2214 2883 2298 ejusdem
2900 2212 2988 2278 ad

875 2332 1170 2418 Olegum
1214 2335 1505 2420 epistola
1552 2333 2017 2423 (1113-1125),
2060 2354 2310 2421 poema
2348 2336 2431 2401 de
2494 2335 2673 2403 bello
2720 2335 2975 2418 Igoris‚

872 2460 1003 2524 etc.
1019 2506 1036 2536 ,
1060 2458 1242 2543 apud
1261 2463 1632 2526 extraneos
1655 2460 2149 2529 Constantinus
2161 2460 2841 2557 Porphyrogenetes,
2854 2461 2989 2544 Ey-

871 2582 1110 2649 mundi
1123 2584 1330 2666 Saga,
1352 2585 1488 2651 Leo
1506 2585 1877 2666 DiaconuS,
1896 2584 2385 2670 Liutprandus,
2400 2589 2532 2652 etc.
2549 2587 2723 2653 Cum
2734 2584 2987 2669 quibus

868 2707 1134 2773 textum
1168 2709 1479 2776 Nestoris
1501 2710 1819 2778 conferre
1837 2729 1979 2777 non
1998 2711 2165 2777 mihi
2193 2710 2267 2777 in
2295 2710 2523 2776 animo
2554 2713 2697 2776 est:
2723 2709 2983 2775 arduus

871 2831 1055 2898 enim
1084 2833 1197 2898 ille
1222 2834 1418 2900 labor
1455 2854 1595 2901 non
1631 2835 1704 2901 in
1748 2836 2040 2919 hujusce
2089 2837 2274 2902 modi
2320 2810 2653 2921 opusculo
2702 2839 2988 2932 tentan-

869 2958 1024 3024 dus,
1061 2961 1232 3034 Quae
1258 2959 1474 3026 refert
1501 2960 1586 3026 de
1611 2959 1898 3026 cometis
1919 2963 2038 3026 aut
2066 2959 2757 3027 solis-defectionibus
2787 2959 2982 3026 tabu-

862 3081 953 3149 lae
969 3086 1308 3151 testantur
1322 3085 1833 3152 astronomicae.
1850 3085 2002 3151 Non
2023 3085 2375 3152 immerito·
2386 3085 2603 3168 igit-ur
2626 3085 2849 3184 dictus
2867 3085 2975 3150 est

865 3211 1062 3292 pater
1107 3210 1396 3276 russicae
1439 3209 1777 3277 historiae.
1832 3213 2176 3286 Quantum
2203 3210 2547 3277 valuerint
2583 3212 2763 3296 apud
2792 3216 2978 3279 vete-

863 3350 978 3398 res
1007 3333 1276 3398 Russos
1311 3333 1636 3399 chronica
1665 3333 1983 3417 judicare
2012 3338 2208 3418 potes
2238 3353 2276 3400 e
2309 3353 2613 3400 numero
2634 3335 2982 3420 exem-pla-

865 3453 1046 3520 rium
1075 3474 1232 3540 quae
1261 3456 1486 3522 adhuc
1514 3452 1813 3524 exstant.
1831 3457 2144 3524 Annales«
2169 3457 2679 3542 praecipuarum
2703 3459 2979 3526 urbium

863 3581 975 3646 vel
1020 3582 1416 3664 regionum,
1460 3581 1953 3662 PskovienseS,
1986 3581 2668 3664 NovogorodienseS,
2704 3582 2978 3674 VoIhy-

865 3706 1142 3772 nienses
1176 3705 1249 3772 in
1279 3706 1602 3772 omnibus
1639 3705 1995 3774 codicibus
2028 3706 2372 3772 antecedit
2389 3707 2661 3772 Nestor.
2682 3705 2741 3770 A
2762 3705 2977 3790 scrip-

863 3833 1130 3901 toribus
1163 3834 1387 3901 russis
1417 3834 1708 3901 vocitari
1753 3835 1927 3902 solet
1962 3831 2397 3901 naczalnaia
2430 3829 2709 3924 letopiS,
2753 3833 2825 3900 id
2872 3838 2977 3902 est

850 3955 1271 4050 principale
1293 3955 1677 4026 chronicon
1691 4011 1707 4025 .

937 4135 955 4166 ¹
995 4139 1162 4193 Semel
1194 4152 1385 4194 tantum
1422 4145 1484 4194 de
1513 4143 1617 4193 loco
1653 4143 1740 4193 ubi
1775 4142 1871 4192 suit
1899 4141 2175 4210 baptizatus
2198 4141 2507 4192 Vltdimirus
2544 4149 2644 4194 tres
2676 4141 2824 4191 refert
2860 4144 2976 4213 opi-

863 4232 1055 4281 nionem
1335 4297 1340 4302 ι

931 4314 952 4344 ’
988 4320 1070 4370 Ex
1095 4336 1212 4372 voce
1235 4322 1578 4372 scandinavica
1603 4319 1805 4386 Oskyld
1826 4322 2118 4387 peregrinus
2143 4313 2361 4386 (Oskyld
2385 4319 2494 4380 Dir,
2524 4322 2815 4386 peregrinus
2846 4311 2974 4384 Dir),

861 4415 1055 4459 creatus
1078 4417 1156 4459 est
1173 4425 1259 4458 rex
1287 4410 1488 4476 quidam
1514 4408 1709 4460 Oskold
1734 4425 1879 4476 quem
1904 4409 2086 4459 Nestor
2110 4416 2168 4458 ut
2190 4423 2448 4476 personam
2471 4408 2753 4458 historicam
2778 4409 2972 4475 accipit.

864 4499 1005 4549 Patet
1033 4507 1195 4549 autem
1220 4514 1280 4547 ex
1305 4499 1508 4549 arabicis
1527 4499 1835 4550 documentis
1852 4515 2007 4548 unum
2026 4499 2275 4549 exstitisse
2292 4497 2383 4546 Dir
2406 4520 2415 4548 :
2439 4513 2528 4547 nec
2553 4496 2771 4563 oskyldi
2796 4496 2848 4546 fit
2871 4497 2972 4546 ullu

861 4587 1062 4634 mentio.
