3409 5642
1408 626 1697 685 ...23-

491 787 739 856 habeo.
774 783 1032 852 Gallica
1065 783 1428 851 translatio
1463 803 1618 869 quae
1643 772 1793 869 jam
1818 785 2002 872 apud
2028 803 2158 854 nos
2185 791 2416 855 exstat
2463 807 2611 855 om-

491 930 653 980 nem
696 909 999 977 auctoris
1029 910 1251 976 nostri
1296 910 1597 977 colorem
1637 911 1952 994 mutavit,
2001 912 2348 998 multaque
2384 914 2615 982 omisit

487 1035 586 1102 ita
605 1037 682 1101 ut
703 1053 947 1101 verum
973 1035 1331 1102 Nestorem
1365 1034 1669 1101 nondum
1700 1053 2127 1118 cognoscere
2142 1036 2431 1105 licuerit.
2448 1041 2615 1106 For-

494 1177 620 1226 san
650 1159 766 1245 qui
811 1159 1204 1240 fragmenta
1231 1161 1468 1226 nostra
1499 1178 1656 1225 cum
1684 1159 2105 1244 praecedenti
2165 1143 2612 1230 trafislatione

496 1282 924 1368 comparabit
964 1284 1114 1367 jam
1175 1283 1260 1349 de
1300 1281 1417 1349 illa
1483 1287 1671 1349 recte
1713 1282 2029 1366 jndicare
2065 1284 2317 1370 poterit
2360 1299 2375 1349 ε
2428 1287 2612 1370 quod

493 1409 772 1494 quidem
797 1408 1012 1475 latina
1043 1408 1272 1475 oblata
1302 1408 1625 1474 versione
1653 1407 1999 1474 difficilius
2035 1408 2125 1474 sit
2159 1422 2175 1472 t

568 1566 597 1599 α
634 1546 814 1602 Alors
841 1547 933 1603 les
951 1544 1266 1618 Varegues
1289 1546 1495 1604 dirent
1521 1545 1556 1603 a
1583 1546 1877 1604 Vladimir
1908 1561 1921 1603 ;
1954 1549 2113 1603 cette
2132 1547 2279 1604 ville
2302 1563 2465 1606 nous
2500 1563 2614 1620 ap-

494 1653 765 1724 partient
810 1667 823 1708 :
882 1667 1044 1709 nous
1080 1652 1313 1709 l'avons
1363 1653 1683 1724 conquise‚
1738 1666 1901 1708 nous
1943 1641 2218 1710 'voulons
2266 1653 2490 1726 qu’elle
2544 1669 2613 1712 se

495 1758 743 1818 rachete
781 1759 818 1817 a
857 1759 1067 1817 raison
1103 1760 1180 1816 de
1217 1760 1386 1816 deux
1429 1760 1716 1830 grivenes
1742 1775 1852 1830 par
1882 1759 2154 1817 homme.
2206 1763 2283 1818 Et
2316 1761 2617 1818 Vladimir

494 1869 632 1924 leur
653 1866 785 1923 dit:
816 1864 1119 1922 Attendez
1158 1879 1250 1920 un
1287 1864 1466 1931 mois,
1502 1865 1690 1936 qu’on
1730 1865 1817 1921 ait
1854 1865 2133 1922 recueilli
2164 1866 2257 1922 les
2292 1880 2499 1938 peaux
2539 1867 2617 1923 de

493 1977 742 2031 martre.
773 1973 857 2028 Ils
882 1972 1254 2028 attendirent
1275 1987 1366 2028 un
1389 1973 1566 2041 moiS‚
1597 1975 1656 2028 et
1674 1973 1719 2028 il
1746 1986 1825 2028 ne
1849 1973 1987 2028 leur
2008 1972 2215 2028 donna
2240 1973 2397 2030 rien.
2423 1975 2501 2030 Et
2518 1975 2619 2034 ‘les

495 2079 814 2152 Varegues
846 2079 1053 2136 dirent
1089 2094 1102 2136 :
1145 2081 1237 2135 Tu
1275 2094 1438 2136 nous
1467 2093 1503 2135 a
1539 2077 1813 2149 trompes
1846 2092 1859 2134 :
1899 2083 2333 2137 mentre-nous
2372 2081 2431 2137 13
2467 2081 2619 2138 che-

497 2185 633 2243 min
671 2185 829 2243 (1313
864 2183 1075 2242 Grece.
1103 2185 1154 2241 Il
1172 2186 1311 2241 leur
1347 2185 1439 2242 dit
1466 2199 1479 2240 :
1509 2186 1680 2256 allez‚
1710 2188 1772 2242 et
1794 2186 1840 2242 il
1862 2185 2087 2242 choisit
2120 2189 2321 2257 parmi
2351 2203 2476 2246 eux
2506 2187 2619 2245 des

498 2291 784 2348 hommes
825 2291 1003 2361 bone,
1064 2305 1245 2364 sagos
1295 2294 1358 2349 et
1404 2293 1712 2362 vaillantS,
1764 2283 1827 2349 et'
1880 2293 1927 2349 il
1983 2294 2123 2350 leur
2172 2293 2478 2352 distribue
2524 2295 2619 2352 les

497 2398 700 2456 villos.
731 2417 759 2450 »

585 2530 867 2612 Longas
915 2531 984 2594 et
1035 2528 1234 2594 fictas
1313 2525 1662 2592 orationes
1719 2544 1863 2592 non
1921 2524 2218 2592 admittit
2270 2525 2521 2593 Nestor
2552 2524 2613 2611 ¹3

499 2651 760 2720 nullam
794 2650 1082 2720 russicis
1129 2644 1584 2715 concionibus
1613 2648 1976 2715 materiam
2005 2649 2321 2734 praebere
2348 2650 2614 2736 possit3

499 2793 955 2862 personarum
997 2773 1376 2857 imaginem
1419 2774 1813 2841 describere
1858 2775 2134 2856 omittit,
2182 2774 2295 2842 vel
2337 2775 2623 2861 paucis-

501 2899 694 2966 simis
741 2903 1007 2966 tantum
1040 2899 1273 3000 verbis
1299 2899 1611 2982 effingit:

577 3057 605 3090 α
630 3039 909 3095 Jaroslav
937 3036 1086 3095 etait
1117 3037 1278 3095 beau
1326 3037 1402 3094 de
1440 3037 1671 3109 visage‚
1711 3037 1869 3093 haut
1907 3037 1985 3093 de
2027 3037 2215 3106 taine,
2261 3037 2338 3096 de
2386 3055 2624 3098 moeurs

500 3141 1017 3215 irreprochables;
1043 3143 1090 3198 il
1116 3143 1379 3199 haissait
1401 3141 1751 3214 l’injustice,
1778 3141 1992 3198 aimait
2021 3143 2080 3198 13
2098 3141 2329 3214 justice
2358 3159 2371 3200 :
2398 3145 2445 3202 il
2473 3144 2624 3204 etait

503 3250 753 3319 exempt
791 3247 867 3304 de
900 3262 1051 3304 ruse
1069 3246 1233 3304 etde
1260 3246 1737 3304 dissimulation.
1764 3248 1815 3303 Il
1838 3246 1989 3305 etait
2009 3247 2408 3309 bienveillant
2436 3255 2498 3310 et
2539 3267 2619 3310 ne

489 3352 746 3410 ‘rendait
762 3367 874 3424 pas
893 3353 950 3409 le
969 3353 1093 3410 mal
1116 3367 1275 3423 pour
1296 3354 1352 3409 le
1376 3354 1519 3409 mal.
1564 3373 1591 3405 n

591 3478 662 3546 Si
713 3477 868 3564 quis
925 3477 1246 3563 princeps
1305 3478 1594 3545 moritur
1653 3479 1907 3564 pietate
1966 3485 2035 3548 et
2109 3482 2245 3550 fide
2324 3483 2620 3574 insignis

503 3591 764 3668 obitum
773 3603 928 3686 eJus
950 3602 1199 3668 Nestor
1210 3600 1481 3670 funebri
1501 3602 1896 3671 laudatione
1919 3605 2187 3674 biblicis
2206 3607 2621 3692 fragmentis

501 3724 759 3792 referta
798 3725 1258 3810 prosequitur.
1315 3725 1514 3809 Olgae
1575 3729 1644 3792 et
1686 3727 2047 3796 Vladimiri
2120 3732 2622 3816 panegyricum

500 3848 615 3916 hic
641 3848 806 3915 dare
830 3867 971 3948 non
1000 3847 1238 3915 inutile
1264 3849 1420 3930 erit,
1450 3869 1662 3935 quum
1690 3851 1765 3918 in
1802 3852 2055 3935 gallica
2116 3853 2374 3920 domini
2425 3855 2622 3922 Paris

411 3972 430 3990 ‘
502 3973 829 4040 versione
859 3972 1139 4040 omnino
1162 3972 1475 4040 deficiat:

579 4130 605 4166 e
642 4113 794 4185 Olga
817 4115 1076 4170 mourut
1116 4127 1129 4168 :
1163 4127 1266 4169 ses
1287 4111 1386 4170 fils
1417 4117 1479 4171 et
1506 4128 1609 4172 ses
1635 4113 1950 4186 petits—fils
1972 4117 2031 4172 13
2070 4115 2431 4188 pleurerent
2453 4117 2628 4178 ame-

582 4331 599 4362 ¹
640 4335 807 4388 Semel
841 4345 1032 4388 tantum
1071 4335 1301 4387 Graecum
1340 4338 1614 4388 introducit¹
1641 4342 1727 4405 qui
1761 4338 2035 4390 Vladimiro
2075 4341 2367 4408 longissima
2407 4349 2623 4397 oratione

511 4425 826 4479 Christiania
843 4427 956 4477 fidei
978 4428 1230 4477 historiam
1253 4434 1302 4478 et
1317 4427 1585 4478 doctrinam
1599 4431 1817 4494 exponit.
1840 4429 1936 4479 Est
1954 4438 2115 4484 autem
2142 4441 2422 4499 excerptum
2446 4451 2508 4485 ex
2528 4435 2619 4486 ali..

509 4531 608 4581 qua
634 4514 802 4568 Palea
822 4516 904 4568 vel
931 4513 1203 4580 Stemma.
