3409 5642
1922 679 2205 735 ...20-

1009 859 1252 907 eorum
1275 840 1799 907 Homericorum
1825 841 2226 907 nuntiorum
2251 841 2365 926 qui
2388 858 2627 906 omnes
2656 840 2947 907 heroum
2970 860 3126 908 ora«

1014 967 1238 1032 tiones
1285 965 1372 1032 ad
1417 966 1709 1033 verbum
1754 966 2095 1049 reserunt;
2136 985 2264 1033 nec
2294 965 2597 1051 alioquin
2644 966 2762 1032 illa
2805 968 3115 1034 narratio

1009 1090 1356 1175 posterior
1389 1089 1818 1157 intercalatio
1862 1091 2320 1159 existimanda
2360 1095 2467 1157 est
2511 1110 2669 1158 cum
2714 1091 3121 1176 antiquissi-

1011 1213 1144 1279 mis
1195 1214 1266 1279 in
1315 1214 1667 1282 codicibus
1715 1215 2101 1300 reperiatur
2166 1219 2235 1282 et
2274 1216 2521 1281 Nestor
2566 1215 2712 1300 ipse
2775 1216 2863 1282 ad
2936 1215 3121 1281 illam

1017 1335 1201 1421 (ann.
1237 1337 1429 1425 1098)
1465 1357 1540 1405 se
1575 1337 1853 1404 reserat.

1966 1646 2011 1728 g
2057 1643 2175 1710 111.

1101 1951 1318 2024 Valde
1346 1961 1534 2023 errat
1559 1957 1674 2041 qui
1708 1957 1977 2024 Nestori
2028 1953 2355 2024 historici
2405 1976 2659 2024 nomen
2705 1958 2870 2025 dare
2902 1959 3070 2026 velit
3104 1970 3129 2024 :-

1014 2081 1196 2147 inter
1222 2079 1450 2147 Livios
1478 2085 1547 2148 et
1575 2081 2005 2166 Thucydides
2038 2083 2107 2147 et
2134 2085 2447 2149 nostrum
2475 2081 2927 2149 kioviensiem
2964 2102 3128 2150 mo—

1015 2205 1316 2271 nachum
1368 2204 1558 2270 nulla
1609 2208 1715 2272 est
1768 2205 2140 2272 similitudo
2180 2221 2195 2270 :
2233 2206 2508 2272 illorum
2563 2206 2733 2273 artis
2778 2207 3127 2273 scribendi

1016 2329 1512 2411 magistrorum
1529 2348 1618 2395 ne
1646 2348 1900 2396 nomen
1926 2331 2203 2415 quidem
2230 2329 2423 2397 novit
2451 2345 2466 2394 ε
2501 2331 2884 2414 byzantinis
2917 2331 3129 2397 modo

1017 2453 1572 2540 chronographis
1636 2454 2025 2539 comparari
2087 2454 2303 2539 possit
2357 2468 2377 2524 ξ
2436 2472 2727 2538 quorum
2803 2455 3130 2537 bulgari-

1015 2595 1134 2643 cas
1158 2580 1423 2644 tantum
1453 2577 1936 2645 translationes
1968 2577 2040 2644 in
2082 2597 2293 2644 manu
2320 2578 2581 2645 habuit.
2622 2579 2965 2645 Chronica
2997 2599 3130 2646 nec

1015 2703 1090 2769 in
1145 2701 1360 2770 libros
1418 2723 1547 2770 nec
1593 2704 1666 2770 in
1707 2704 1996 2771 decades
2055 2704 2454 2770 dividuntur
2490 2719 2506 2769 ε
2570 2721 2740 2770 xcln
2780 2721 3132 2789 paragra-

1017 2828 1194 2912 phos
1221 2828 1575 2895 continent
1593 2830 1949 2896 breviores
1977 2829 2088 2894 vel
2114 2828 2467 2911 longiores
2496 2828 2874 2895 secundum
2889 2847 3130 2895 rerum

1019 2951 1458 3032 gravitatem.
1496 2952 1841 3019 Chronica
1868 2952 2147 3038 proprie
2182 2952 2365 3018 dicta
2396 2955 2441 3036 5
2469 2970 2599 3018 xm
2648 2951 3011 3037 incipiunt.
3047 2955 3131 3030 In

1017 3074 1260 3159 primis
1293 3068 1654 3142 duodecim
1697 3077 1945 3142 Nestor
1977 3079 2053 3141 ut
2081 3076 2389 3161 plerique
2418 3076 2626 3142 medii
2660 3076 2795 3142 aevi
2826 3075 3133 3161 scripto-

1015 3217 1130 3264 res
1160 3198 1474 3281 gentium
1503 3199 1848 3282 originem
1869 3199 2205 3285 explicat:
2240 3203 2479 3267 narrat
2500 3203 2577 3266 ut
2603 3203 2760 3285 post
2794 3199 3133 3267 diluvium

1015 3327 1157 3389 tres
1201 3323 1325 3389 filii
1364 3324 1507 3390 Noe
1559 3324 1742 3391 inter
1796 3344 1869 3390 se
1917 3325 2155 3391 orbem
2206 3328 2547 3390 terrarum
2598 3323 2994 3404 dividerint,
3056 3328 3133 3390 ut

1009 3449 1048 3513 J
1052 3448 1299 3533 apheto
1352 3465 1553 3514 Lxxn
1602 3449 1840 3534 populi
1894 3448 2311 3531 contigerint
2369 3448 2549 3514 inter
2594 3465 2763 3531 quos
2821 3447 3133 3515 Slavicus

1012 3572 1506 3641 adnumeratur
1559 3589 1574 3638 ε
1630 3574 1879 3641 horum
1931 3573 2344 3660 populorum
2423 3572 2704 3639 nomina
2773 3575 3131 3639 mutuatur

1009 3697 1259 3763 Nestor
1292 3715 1330 3762 e
1360 3697 1707 3763 chronicis
1730 3697 2061 3763 Johannis
2078 3696 2456 3780 Hamartoli
2486 3694 2805 3762 monachi
2834 3713 3132 3779 quorum

1011 3821 1442 3903 bulgaricam
1469 3820 1858 3888 versionem
1891 3821 1965 3887 in
1985 3823 2309 3906 promptu
2336 3820 2633 3888 habebat
2656 3838 2677 3904 3
2712 3822 2974 3887 textum
2995 3821 3136 3884 Ha-

1011 3949 1285 4016 martoli
1315 3968 1457 4017 non
1491 3949 1578 4015 ad
1612 3951 1903 4016 verbum
1941 3949 2247 4034 sequitur
2281 3950 2527 4016 Nestor
2560 3963 2575 4013 ε
2615 3946 2909 4032 exempli
2956 3964 3134 4029 gra-

1009 4075 1106 4140 tia
1136 4075 1222 4141 ad
1257 4093 1500 4141 vocem
1532 4071 1582 4142 I
1581 4071 1853 4141 liourik
1882 4072 2269 4161 (Illyricum)
2303 4074 2489 4140 addit
2524 4068 2903 4151 Slovenia;
2932 4073 3132 4157 putat

1010 4199 1196 4266 enim
1256 4199 1604 4284 Illyricum
1649 4218 1692 4265 a
1743 4199 1959 4266 Slavis
2008 4197 2380 4282 antiquitus
2431 4196 2811 4263 habitatum
2884 4194 3127 4262 fuisse.

1007 4325 1270 4390 Forsan
1301 4323 1567 4405 glosam
1627 4324 1806 4389 hanc
1840 4342 1878 4389 e
1912 4321 2273 4404 bulgarica
2315 4319 2760 4387 translatione
2794 4319 3131 4405 desump-

1009 4448 1120 4515 sit.
1185 4447 1393 4514 Venit
1438 4446 1765 4532 deinceps
1813 4447 2238 4514 enumeratio
2284 4445 2643 4514 fiuminum
2678 4448 2747 4512 et
2802 4445 3130 4532 gentium

1009 4571 1496 4659 septentrionis
1529 4575 1598 4639 et
1623 4572 2053 4639 subobscura·
2084 4557 2445 4639 Slavorum‘
2504 4571 2815 4637 historia.
2869 4570 3127 4637 Narrat
