3409 5642
1321 691 1607 746 ...m-..-

415 852 662 920 Nestor
689 856 766 919 ut
793 871 831 917 e
858 851 1147 920 Danubii
1181 851 1525 930 littoribus
1555 849 1643 916 ad
1673 847 2245 934 septentrionales
2288 846 2543 930 regio-⁴

415 995 539 1043 nes
591 975 814 1061 primo
862 978 1104 1061 sponte
1156 993 1306 1056 sua,
1352 974 1509 1058 dein
1548 971 1961 1055 urgentibus
1996 966 2288 1037 Vcokhis
2312 969 2401 1058 (id
2431 975 2535 1039 est

417 1101 625 1168 Celtis
659 1099 770 1166 vel
801 1099 1079 1186 Latinis)
1107 1099 1586 1182 migraverint.
1613 1096 1913 1165 Vivendi
1945 1115 2210 1176 morem
2246 1096 2533 1184 Slavicae

420 1225 646 1308 gentis
675 1225 748 1292 in
780 1242 964 1292 nova
995 1226 1219 1311 patria
1250 1225 1564 1311 depingit
1598 1238 1614 1288 t
1653 1223 1740 1288 de
1774 1222 2049 1288 Polanis
2078 1240 2235 1288 cum
2283 1221 2536 1304 singu-

282 1373 287 1378 ·
419 1349 547 1415 lari
571 1367 807 1415 amore
841 1349 1169 1433 loquitur,
1205 1349 1301 1416 ita
1333 1353 1410 1415 ut
1430 1351 1592 1432 jure
1622 1366 1710 1412 ex
1738 1365 1821 1413 ea
1856 1348 2063 1429 gente
2083 1343 2415 1416 oriundus
2434 1344 2535 1410 vi-

422 1477 664 1542 deatur
686 1492 701 1540 :
731 1477 916 1543 viam
935 1474 1260 1543 describit
1294 1493 1448 1560 quae
1483 1474 1782 1559 antiquis
1802 1473 2253 1559 temporibuS,
2271 1493 2309 1540 e
2330 1474 2535 1569 Scan-

420 1601 696 1667 dinavia
732 1620 948 1687 usque
981 1601 1067 1665 ad
1093 1572 1432 1666 Graeciam
1463 1599 1842 1665 secundum
1871 1597 2127 1664 flumen
2160 1597 2537 1682 Dnieprum

423 1725 713 1791 ducebat
752 1739 768 1790 t
819 1727 1133 1790 sanctum
1175 1722 1548 1788 Andraeam
1598 1721 1824 1807 primo
1867 1724 2023 1806 post
2054 1723 2090 1786 J
2098 1721 2228 1788 .-C.
2281 1719 2536 1786 saeculo

420 1849 746 1932 regiones
795 1847 947 1914 illas
981 1846 1386 1913 lustravisse
1428 1844 1669 1925 refert,
1750 1847 1818 1910 et
1868 1843 2176 1909 futuram
2232 1841 2536 1908 nationis

420 1972 710 2039 russicae
759 1971 1282 2038 conversionem
1317 1968 1747 2054 praedixisse.
1794 1965 2063 2033 Kioviae
2100 1965 2260 2054 dein
2310 1965 2541 2048 origi-

363 2095 368 2100 ’
422 2115 545 2162 nes
571 2095 853 2181 repetit:
893 2113 1148 2160 nomen
1182 2094 1393 2178 hujus
1420 2092 1612 2160 urbis
1639 2091 2161 2176 vicinorumque
2201 2090 2540 2158 montium

421 2220 718 2306 explicat
734 2219 1014 2286 nomine
1048 2218 1256 2285 trium
1282 2218 1574 2285 fratrum
1603 2236 1897 2302 quorum
1930 2236 2110 2284 unus
2136 2217 2278 2302 Kij,
2320 2219 2539 2302 majo-

420 2364 575 2410 rum
634 2343 992 2424 memoria,
1053 2344 1297 2410 urbem
1347 2343 1672 2410 condidit.
1713 2343 2091 2409 variorum
2127 2342 2540 2428 populorum

421 2469 798 2552 Ugrorum,
837 2470 1178 2537 Obrorum
1212 2469 1642 2535 incursiones
1676 2487 1922 2554 parum
1969 2468 2153 2534 clare
2196 2467 2479 2553 exponit
2519 2480 2535 2530 t

422 2594 508 2659 ad
531 2612 805 2660 morum
835 2594 1367 2680 descriptionem
1391 2612 1715 2660 reversus
1738 2593 2092 2660 variorum
2126 2592 2539 2679 populorum

419 2717 702 2784 vivendi
731 2717 1096 2797 rationem,
1133 2717 1533 2783 Hamartolo
1569 2717 1742 2783 duce
1787 2720 1855 2782 et
1899 2716 2179 2801 auspice
2209 2716 2529 2801 explicat.

421 2841 769 2908 Excursus
797 2859 1046 2926 nempe
1068 2844 1252 2908 amat
1275 2845 1343 2908 et
1369 2840 1824 2908 libentissime
1843 2840 1915 2907 in
1940 2839 2271 2906 chronica
2290 2857 2415 2906 sua
2437 2839 2541 2905 in-

425 2967 622 3033 serit.

509 3091 591 3156 In
613 3089 749 3156 illis
777 3089 1139 3158 duodecim
1184 3091 1646 3177 paragraphis
1678 3091 1927 3156 Nestor
1960 3088 2537 3174 ethnographiam

422 3217 490 3280 et
535 3214 1043 3299 geographiam
1109 3213 1420 3296 regionis
1479 3232 1624 3280 suae
1675 3211 1961 3297 exponit
2007 3225 2023 3276 t
2072 3209 2539 3294 unusquisque

418 3336 614 3420 longi
669 3341 874 3419 egeat
933 3337 1451 3419 commentarii3
1516 3338 1715 3420 cujus
1790 3354 1932 3402 11011
1985 3334 2098 3400 hic
2155 3337 2260 3400 est
2312 3334 2534 3401 locus,

423 3461 697 3528 Transit
717 3461 874 3528 dein
901 3462 987 3527 ad
1018 3461 1568 3544 chronologiam.
1602 3461 1843 3527 Annos
1863 3479 1904 3525 a
1925 3459 2163 3526 mundi
2184 3459 2540 3526 creatione

420 3603 635 3669 usque
678 3586 765 3651 ad
811 3588 1104 3651 mortem
1135 3584 1554 3670 Sviatopulci
1583 3587 1903 3650 numerat
1937 3599 1952 3648 ε
1985 3584 2091 3652 Ab
2140 3584 2405 3649 Adamo
2452 3583 2541 3649 ad

422 3709 754 3776 diluvium
785 3711 989 3790 2224,
1022 3728 1061 3776 3
1092 3709 1350 3775 diluvio
1369 3708 1456 3774 ad
1482 3708 1954 3775 Abrahamum
1985 3709 2183 3789 1082,
2208 3710 2293 3776 ab
2322 3708 2540 3774 Abra-

420 3835 628 3900 hamo
661 3835 746 3900 ad
780 3835 1016 3902 Moi'sis
1049 3835 1347 3902 exodum
1376 3834 1531 3914 403,
1569 3850 1610 3899 a
1634 3832 1867 3899 Moisis
1892 3833 2113 3917 exodo
2169 3832 2261 3898 ad
2316 3830 2535 3897 David

419 3958 577 4040 601,
611 3977 654 4024 a
711 3959 972 4026 Davido
1033 3959 1121 4024 ad
1175 3957 1674 4042 Hierosolymae
1722 3956 2181 4023 vastationem
2215 3955 2345 4021 318
2374 4003 2394 4035 ,
2450 3957 2536 4023 ab

417 4082 812 4150 Alexandro
866 4083 953 4149 ad
1007 4082 1357 4149 Christum
1391 4085 1629 4148 natum
1667 4082 1825 4161 333,
1863 4099 1904 4146 a
1942 4079 2215 4146 Christo
2238 4082 2399 4147 nato
2451 4080 2539 4146 ad

369 4271 374 4278 .
421 4207 948 4273 Constantinum
977 4207 1135 4288 318,
1166 4225 1208 4271 a
1239 4204 1692 4272 Constantino
1740 4203 1825 4270 ad
1874 4205 2373 4289 Imperatorem
2414 4201 2539 4268 Mi-

422 4335 617 4400 chael
635 4335 792 4416 542,
829 4354 871 4400 3
903 4333 1234 4400 Michaele
1263 4333 1350 4398 ad
1381 4331 1675 4414 Olegum
1703 4331 1817 4410 23,
1848 4334 2038 4397 etc...
2056 4380 2072 4396 .

513 4432 864 4528 Christum
887 4460 1102 4544 igitur
1133 4462 1370 4525 natum
1405 4475 1586 4523 311110
1641 4457 1818 4522 5508
1848 4475 1889 4522 a
1921 4454 2161 4521 mundi
2188 4455 2541 4540 creatione

425 4581 722 4650 admittit
757 4584 1003 4651 Nestor
1036 4599 1053 4649 :
1099 4601 1256 4669 quae
1301 4581 1577 4668 quidem
1615 4580 2071 4665 chronologia
2110 4579 2183 4648 ni
2234 4578 2463 4660 fallor,
2497 4588 2540 4645 a
