3409 5642
411 852 622 922 lateat
662 867 805 922 non
849 850 1134 934 ignoro,
1161 867 1292 918 noc
1323 848 1654 920 lectorem
1677 848 2013 932 ignorare
2044 868 2335 933 cense03
2375 853 2525 918 tan—

411 976 554 1046 tula
586 979 698 1046 est
715 975 790 1044 in
811 977 1074 1058 nostris
1101 975 1533 1046 bibliothecis
1560 975 1901 1044 librorum
1923 976 2012 1042 ad
2058 995 2173 1044 res
2222 977 2519 1047 slavicae

408 1095 898 1185 pertinentium
925 1099 1158 1186 copia&
1194 1099 1546 1170 Tentenda
1572 1103 1806 1170 tamen
1837 1099 1954 1167 via
1973 1103 2115 1184 θείς
2148 1114 2423 1187 nempe,
2448 1103 2525 1168 ut

409 1227 506 1294 an
535 1227 740 1311 poeta
769 1223 836 1290 ¹:

673 1367 994 1464 Μεγάλως
1037 1325 1504 1442 ὰπὲλισθαίνειν
1540 1371 1913 1475 ἁμάρτημα
1960 1372 2218 1467 εὐγενές.

497 1521 594 1590 De
635 1523 925 1591 Nestore
974 1523 1378 1594 disserendo
1447 1526 1684 1595 brevis
1729 1526 2177 1612 imprimis'et
2209 1527 2507 1610 lucidus,

410 1649 688 1718 omissis
726 1649 1139 1733 ambagibus
1179 1650 1503 1737 omnique
1542 1649 1980 1734 digressione
2024 1654 2143 1718 aut
2186 1669 2328 1718 non
2374 1653 2524 1720 utili

409 1793 736 1857 excursu,
768 1792 924 1842 esse
951 1773 1165 1842 volui.
1186 1775 1444 1842 Precor
1491 1792 1664 1858 ergo
1705 1793 1796 1843 ne
1833 1793 1874 1841 a
1901 1794 2012 1842 me
2031 1775 2185 1860 plus
2210 1776 2525 1861 requiras

407 1917 614 1985 quam
670 1917 808 1988 ego
847 1916 1034 1967 nunc
1069 1899 1235 1966 dare
1269 1898 1380 1966 vel
1415 1899 1622 1966 statui
1656 1898 1769 1965 vel
1800 1898 2014 1983 potui.
2055 1898 2252 1967 Nunc
2289 1904 2519 1968 autem

366 2007 370 2010 ⁵
406 2022 574 2090 mihi
608 2023 814 2090 modo
848 2019 1280 2109 propositum
1308 2026 1415 2090 est
1445 2039 1761 2108 quaerere
1808 2037 1822 2087 :

495 2149 540 2232 g
570 2148 624 2214 Ι.
685 2146 768 2212 Α.
802 2146 911 2212 An
955 2146 1205 2213 Nestor
1249 2145 1588 2213 exstiterit
1633 2149 1702 2213 et
1756 2147 2084 2214 chronica
2118 2148 2518 2234 scripserit3

407 2271 484 2337 B.
543 2269 699 2356 quis
759 2269 969 2337 fuerit
1003 2270 1298 2352 Nestor3
1369 2271 1446 2337 C.
1497 2289 1701 2356 quem
1731 2271 1819 2338 ad
1874 2290 2134 2340 annum
2194 2273 2522 2341 chronica

403 2394 829 2480 produxerit.

492 2519 645 2603 511.
685 2517 880 2585 Unde
909 2519 1397 2586 chronicorum
1427 2518 1802 2604 sumpserit
1829 2518 2213 2587 materiam.

415 2725 434 2742 ·
491 2644 537 2727 ἓ
563 2642 680 2709 ΠΙ.
729 2642 943 2719 Quale
992 2643 1082 2711 sit
1121 2644 1433 2711 Nestoris
1503 2643 1894 2728 ingenium,
1954 2659 2113 2730 quae
2170 2641 2520 2709 chronicis

405 2768 578 2835 fides
606 2766 1017 2835 adhibenda.

491 2894 537 2978 g
563 2895 680 2961 IV.
722 2895 872 2970 Qua
896 2893 1141 2977 lingua
1175 2894 1263 2962 sit
1293 2912 1462 2962 usus
1490 2894 1763 2963 Nestor.

380 3079 386 3083 .
493 3020 539 3104 g
564 3021 650 3086 V.
688 3021 858 3096 Quae
889 3019 1028 3087 sint
1055 3023 1125 3087 et
1151 3020 1317 3105 quid
1348 3020 1626 3087 valeant
1655 3020 2147 3087 chronicorum
2185 3016 2519 3084 editiones

405 3140 515 3208 vel
544 3141 1052 3211 translationes,

1391 3446 1498 3528 §1

1304 3623 1318 3643 ⁸
1430 3607 1480 3658 A

487 3815 865 3892 Quemdam
891 3815 1311 3882 monachum
1339 3814 1770 3881 kioviensem
1807 3812 2155 3914 exstitisse
2189 3816 2258 3880 et
2285 3832 2517 3881 rerum

395 3941 825 4009 russicarum
870 3940 1200 4009 chronica
1254 3940 1619 4026 scripsisse
1683 3938 1918 4006 multis
1996 3942 2268 4006 constat
2312 3939 2517 4006 testi-

394 4064 668 4132 moniis,
730 4066 922 4132 Unus
983 4067 1250 4132 tantum
1306 4066 1328 4096 ²
1382 4064 1565 4132 inter
1631 4062 2005 4144 sexaginta
2080 4060 2229 4128 fere
2287 4062 2513 4129 adhuc

393 4191 746 4295 exstantes
791 4186 1068 4256 codices
1114 4187 1424 4256 Nestoris
1481 4188 1617 4256 fert
1666 4205 1965 4269 nomen3
2024 4188 2259 4255 caeteri
2310 4207 2505 4269 vem,

398 4313 701 4382 auctoris
785 4313 1044 4382 omisso
1118 4315 1425 4396 nomine,
1499 4315 1571 4382 in
1644 4314 1841 4382 titulo
1930 4313 2283 4381 declarant
2356 4333 2517 4381 eum

474 4489 489 4520 ¹
525 4494 675 4546 Poeta
697 4498 899 4562 ignotus
921 4513 1001 4565 ap.
1037 4497 1317 4564 Longinum
1340 4496 1451 4562 περὶ
1479 4492 1659 4562 'li-pom.

475 4579 497 4610 ’
536 4583 705 4654 Vulgo
732 4585 894 4638 dictus
917 4583 1328 4640 Chlebnikovski.
1354 4587 1487 4638 Vide
1508 4586 1652 4640 infra.
