3409 5642
1354 672 1426 684 -.
1461 637 1536 698 34·
1568 671 1640 683 ..-

532 770 684 837 Non
719 769 793 836 in
819 769 1075 836 Russia
1103 773 1394 851 tantum,
1434 772 1556 837 sed
1591 771 1664 836 in
1713 770 1943 836 vicina
1978 788 2250 856 quoque
2274 772 2561 840 Polonia

441 912 703 977 magna
729 895 861 963 fuit
881 895 1191 963 Nestoris
1219 896 1617 990 auctoritas,
1655 895 1951 962 Illustris
2000 915 2235 962 rerum
2272 897 2561 965 Poloni-

441 1037 680 1086 carum
704 1019 1001 1105 scriptor
1020 1020 1380 1102 Longinus
1393 1021 1541 1103 jam
1558 1023 1764 1086 aetate
1782 1024 2151 1104 provectus
2170 1019 2559 1089 slavonicas

438 1144 703 1211 litteras
732 1144 968 1212 didicit
994 1148 1071 1211 ut
1109 1145 1468 1212 Nestorem
1520 1143 1757 1226 legere
1807 1146 2068 1227 posset,
2117 1160 2334 1228 eoque
2368 1163 2558 1232 saepe

439 1289 607 1339 usus
626 1273 785 1336 est¹.
813 1269 1101 1338 Multum
1137 1267 1410 1335 Nestori
1435 1268 1822 1335 debuerunt
1854 1267 1969 1333 alii
2004 1267 2301 1353 polonici
2329 1269 2557 1356 scrip-

439 1401 625 1463 tores
644 1398 720 1462 ut
747 1394 1032 1474 Bielski,
1056 1392 1505 1478 Kulczynski,
1525 1395 1656 1458 etc.
1685 1393 1952 1459 Scimus
1972 1392 2154 1477 apud
2171 1393 2553 1460 Germanos

437 1517 850 1585 Leibnitium
879 1534 1149 1601 quoque
1185 1516 1270 1582 de
1316 1517 1607 1582 Nestore
1642 1517 1712 1581 et
1745 1516 1898 1599 ejus
1936 1493 2306 1582 annalibus
2347 1515 2554 1582 audi-

436 1641 620 1706 visse
675 1640 696 1670 '
743 1657 994 1724 easque
1063 1638 1563 1724 comparandas
1619 1619 2001 1704 curavisse.
2059 1638 2325 1705 Saeculo
2390 1643 2553 1706 tan-

437 1767 584 1830 tum
629 1765 850 1831 XVIII
915 1767 1155 1831 noster
1217 1767 1461 1829 auctor
1515 1763 1589 1829 in
1641 1762 1867 1828 lucem
1934 1761 2211 1846 prodiit.

1401 1997 1584 2081 grv

523 2199 670 2273 Qua
698 2197 940 2279 lingua
966 2213 1135 2262 usus
1179 2194 1268 2260 sit
1321 2194 1571 2260 Nestor
1619 2210 1763 2260 non
1803 2193 2047 2260 inutile
2090 2194 2196 2262 est
2236 2194 2550 2276 definire,

435 2325 578 2388 tres
627 2320 814 2388 enim
857 2319 1093 2406 populi
1153 2318 1348 2386 illum
1405 2318 1536 2385 sibi
1595 2318 1909 2384 certatim
1970 2319 2546 2387 vindicaverunt:

431 2449 674 2517 Poloni
709 2445 756 2530 ⁸,
785 2448 1089 2516 Rutheni
1148 2451 1216 2515 et
1259 2447 1493 2514 Russi.
1543 2447 1700 2527 Sed,
1735 2450 1808 2513 ut
1855 2466 2131 2515 omnem
2178 2450 2553 2517 verborum

434 2575 940 2643 cavillationem
995 2573 1318 2652 vitemus,
1404 2572 1607 2657 plane
1676 2571 2179 2638 declarabimus
2243 2572 2551 2642 Nestoris

432 2702 638 2767 aetate
685 2671 912 2788 nullas
964 2695 1178 2764 fuisse
1212 2691 1521 2786 proprie
1564 2693 1921 2779 polonicas
1948 2743 1966 2773 ‚
2040 2693 2344 2762 russicas
2405 2695 2559 2763 sive·

432 2821 830 2890 ruthenicas
854 2819 1144 2886 litteras,
1178 2817 1416 2885 Poloni
1438 2817 1624 2884 enim
1649 2816 1862 2883 latine
1886 2815 2277 2885 scribebant
2289 2834 2310 2901 ;
2340 2817 2552 2886 Russi
2586 2852 2593 2863 =

439 2949 669 3014 autem
714 2946 784 3012 et
810 2942 1140 3024 Rutheni,
1179 2941 1493 3009 nundum
1521 2941 1703 3008 inter
1738 2958 1839 3020 se,
1881 2941 1959 3005 ut
1992 2941 2186 3023 puto,
2218 2938 2551 3020 distincti,

435 3071 682 3155 lingua
730 3068 1084 3137 slavonica
1125 3067 1592 3135 ecclesiastica
1649 3065 2047 3145 utebantur,
2088 3064 2365 3147 vulgari
2420 3083 2555 3159 ne-

438 3197 686 3281 glecta.

521 3321 810 3404 Lingua·
828 3316 1142 3401 vulgaris
1174 3333 1318 3382 non
1361 3317 1522 3380 ante
1553 3311 1886 3379 saeculum
1911 3311 2135 3378 XVIII
2180 3330 2221 3377 a
2251 3312 2555 3398 scripto—

435 3445 629 3512 ribus
668 3443 952 3511 russicis
987 3443 1106 3507 aut
1135 3437 1515 3506 ruthenicis
1553 3435 1738 3503 culta
1763 3434 1896 3502 fnit
1920 3432 1966 3502 ⁸.
2001 3435 2243 3502 Poloni
2276 3437 2551 3521 quidem

437 3569 860 3638 contendunt
887 3567 1249 3633 Nestorem
1275 3562 1612 3628 Polanum
1639 3578 1821 3640 esse,
1844 3559 2167 3645 polanam
2184 3577 2352 3627 vero
2382 3578 2553 3644 gen-

437 3698 576 3760 tem
617 3692 929 3760 eamdem
981 3689 1194 3756 fuisse
1247 3704 1329 3753 ac
1379 3685 1793 3773 polonicam.
1847 3683 1945 3748 De
1989 3682 2121 3750 hac
2169 3681 2551 3768 quaestione

507 3887 527 3918 ⁵
564 3893 824 3960 Longinus
849 3893 954 3942 sive
976 3890 1200 3956 Dlugosz
1231 3881 1409 3955 (dlugy
1427 3885 1650 3953 polonico
1673 3877 1895 3951 longus),
1916 3884 2261 3936 celeberrimus
2277 3899 2439 3935 rerum
2460 3901 2550 3952 po-

434 3981 704 4032 lonica-um
726 3979 950 4045 scriptor.
985 3975 1181 4028 Saeeulo
1212 3975 1343 4026 XIV
1363 3975 1580 4025 vivebat.
2326 3957 2332 3964 ⁹

507 4071 717 4121 Textum
748 4068 975 4119 Nestoris
1006 4081 1106 4116 non
1135 4080 1325 4131 semper
1351 4064 1474 4114 bene
1500 4064 1624 4130 legit
1662 4063 1921 4130 Longinus
1966 4069 2023 4112 ut
2046 4063 2397 4114 demonstravit
2416 4062 2555 4114 Kar-

435 4158 602 4210 lowicz
635 4162 690 4209 in
720 4155 983 4225 opusculo;
1019 4153 1309 4211 thiones
1343 4152 1556 4203 historia
1576 4151 1813 4216 polonica
1842 4151 2003 4202 saculi
2031 4149 2125 4202 XI.
2157 4151 2395 4211 Berolini,
2427 4155 2551 4202 18⁶8.

505 4243 526 4274 ²
562 4247 772 4300 Jomml
793 4247 874 4296 des
904 4241 1124 4304 savants,
1149 4242 1252 4292 loeo
1275 4243 1440 4292 citato.

505 4331 528 4362 ³
561 4333 1066 4402 VideVyszniewski,
1089 4331 1460 4388 Bartoszewicz‚
1483 4353 1550 4364 ·-
1571 4328 1836 4394 Historyja
1865 4329 2147 4394 litteratury
2169 4327 2408 4396 Polsks'ej.

507 4420 528 4450 ⁴
565 4425 786 4480 Rutheni
810 4427 913 4473 sive
935 4420 1262 4474 Malo-Russi
1295 4435 1498 4483 quorum
1522 4425 1669 4484 caput
1695 4427 1798 4467 erat
1814 4418 2011 4468 Kiovia.
2039 4417 2195 4468 Russi
2226 4425 2313 4469 aut
2341 4416 2550 4468 velika-

437 4516 592 4567 Russi
614 4528 821 4580 quorum
843 4519 988 4577 caput
1018 4509 1250 4560 Moskva.
