3409 5642
1191 715 1480 770 ..49-

279 869 392 942 'tor
439 875 824 942 versaverit
875 889 891 940 ε
941 874 1156 940 multa
1199 893 1288 941 ex
1337 875 1439 941 eis
1503 874 1592 940 ad
1635 871 1925 941 verbum
1972 874 2397 958 transcribit,

277 1004 510 1067 utrum
573 1001 664 1066 sit
715 1000 908 1067 locus
973 1017 1194 1066 necne
1264 1017 1510 1086 parum
1557 1017 1835 1067 curans,
1932 1001 2030 1067 De
2108 1001 2399 1069 Nestore

275 1142 546 1210 quoque
601 1125 735 1191 dici
798 1129 1026 1210 potest
1085 1139 1100 1188 z
1157 1149 1185 1183 α
1225 1143 1412 1190 unus
1469 1129 1536 1191 ec
1586 1121 1777 1191 alter
1830 1121 2155 1190 assuitur
2196 1142 2400 1215 pan-

276 1269 448 1316 nus,
496 1275 526 1308 1>
565 1251 721 1316 Non
773 1249 996 1333 solum
1042 1263 1080 1314 e
1122 1249 1474 1316 veteribus
1521 1249 1875 1316 codicibus
1922 1249 2138 1316 multa
2184 1249 2401 1316 desu-

285 1373 437 1454 mit,
465 1373 586 1439 sed
616 1374 824 1440 etiam
857 1377 1226 1460 aequalium
1247 1379 1363 1442 aut
1391 1375 1536 1442 fere
1563 1375 1935 1460 aequalium
1963 1375 2398 1442 narrationes

277 1499 352 1565 in
381 1500 688 1580 chartas,
735 1503 811 1565 ut
860 1499 1148 1582 insinS,
1198 1501 1552 1569 transfert.
1613 1500 1925 1585 Exempli
1972 1501 2226 1583 gratia,
2269 1501 2397 1568 sub

279 1620 504 1704 capite
548 1622 664 1685 LX
697 1621 784 1686 ad
829 1640 1088 1689 annum
1142 1625 1316 1690 1065
1360 1627 1601 1689 narrat
1628 1622 1971 1708 quomodo
2010 1626 2401 1690 monstrum

276 1745 621 1829 quoddam
646 1753 662 1784 ²
725 1765 764 1811 e
809 1747 1088 1814 flumine
1126 1749 1409 1815 Sitomla
1443 1766 1484 1814 a
1529 1749 1989 1832 piscatoribus
2015 1750 2401 1814 extractum

279 1868 403 1950 sit3
438 1867 533 1934 ait
553 1871 780 1934 autem
807 1883 822 1933 ε
853 1894 881 1928 «
916 1889 1132 1954 usque
1163 1871 1249 1937 ad
1265 1889 1635 1956 vesperum
1656 1871 1743 1937 ad
1762 1871 2016 1937 flumen
2045 1871 2403 1944 descendi-‚-

275 2007 434 2056 mus
468 1989 557 2077 (id
585 1995 716 2072 est,
748 2009 878 2060 nos
907 1994 1251 2082 monachi)
1286 1999 1363 2062 ut
1410 1997 1805 2080 portentum
1842 1995 2009 2060 illud
2044 1998 2405 2080 spectare-

276 2133 458 2182 mus,
491 2139 521 2175 ι
553 2115 755 2182 Anno
781 2133 951 2183 vero
980 2119 1179 2200 1065,
1227 2119 1477 2186 Nestor
1508 2119 1629 2184 vix
1657 2137 1915 2185 nonum
1934 2136 2194 2184 annum
2222 2135 2403 2201 age-

276 2239 396 2306 bat
417 2255 436 2320 ;
470 2257 627 2304 eum
660 2239 743 2306 de
793 2257 868 2306 se
901 2241 1054 2325 ipso
1102 2241 1289 2326 loqui
1329 2259 1471 2307 non
1524 2240 1725 2307 facile
1778 2241 2056 2324 credas;
2102 2257 2400 2326 namque

279 2361 339 2426 si
388 2364 735 2446 spectator
771 2362 925 2448 ipse
994 2362 1264 2444 fuisset,
1315 2369 1626 2430 teneram
1673 2367 1951 2431 aetatem
1996 2383 2194 2430 suam
2249 2365 2399 2432 sine

278 2483 488 2550 dubio
523 2486 1050 2552 memoravisset
1092 2501 1109 2551 ε
1147 2487 1378 2571 potius
1424 2487 1639 2569 igitur
1681 2487 2217 2553 existimandum
2264 2493 2397 2570 est,

277 2625 426 2674 rem
464 2607 651 2672 illam
678 2612 1152 2692 portentosam
1181 2629 1224 2676 a
1263 2610 1561 2694 quodam
1589 2612 1931 2677 monacho
1952 2615 2127 2678 teste
2161 2611 2401 2698 'scrip-

279 2735 423 2798 tam
460 2730 702 2812 fuisse,
741 2733 1230 2818 transcriptam
1257 2753 1426 2800 vero
1461 2753 1503 2800 a
1543 2735 1835 2802 Nestore
1888 2736 2003 2820 qui
2052 2753 2194 2802 non
2241 2736 2401 2802 ani-

276 2860 647 2927 madvertit
669 2879 745 2927 se
776 2877 858 2926 eo
884 2862 1192 2942 tempore
1218 2859 1526 2924 nondum
1549 2857 1732 2925 inter
1756 2846 2136 2926 monachos
2164 2878 2404 2946 recep-

275 2986 424 3049 tum
455 2983 697 3050 fuisse.

361 3108 470 3176 Ad
497 3127 756 3175 annum
788 3109 988 3189 1097,
1016 3108 1232 3190 longa
1258 3106 1518 3189 legitur
1549 3105 1859 3171 narratio
1882 3123 2118 3170 rerum
2146 3105 2220 3170 in
2252 3104 2398 3188 qui-

273 3234 406 3322 bus
457 3233 716 3316 primas
762 3236 997 3317 partes
1051 3233 1297 3314 egerat
1342 3229 1729 3295 monachus
1782 3228 2061 3313 quidam
2119 3228 2399 3296 nomine

276 3356 597 3423 Basilius,
633 3356 762 3432 Qui
797 3357 880 3422 de
915 3375 991 3422 se
1020 3356 1170 3440 ipso
1212 3355 1500 3438 loquens
1534 3352 1760 3437 prima
1792 3370 2093 3437 persona
2127 3369 2399 3436 semper

275 3479 515 3546 utitur.
546 3479 744 3546 Illum
769 3481 838 3545 et
863 3480 1224 3546 Nestorem
1255 3477 1566 3544 eamdem
1598 3476 1815 3544 fuisse
1839 3495 2209 3562 personam
2228 3475 2403 3542 nihil

278 3602 560 3668 omnino
607 3603 1036 3670 demonstrat
1047 3619 1066 3684 3
1112 3619 1454 3686 nusquam
1509 3601 1692 3667 enim
1738 3599 1996 3684 legitur
2038 3601 2401 3666 Nestorem

276 3726 460 3811 apud
482 3726 842 3811 vprincipes
872 3727 1182 3794 russioos
1229 3725 1515 3808 negotia
1549 3724 1888 3808 gessisse,
1923 3729 2040 3792 aut
2067 3724 2401 3791 Basilium

274 3850 844 3934 cognominatum
874 3851 1116 3918 fuisse.
1149 3852 1248 3916 Ea
1275 3868 1442 3916 vero
1469 3849 1652 3915 facta
1677 3868 1833 3934 quae
1855 3849 2079 3916 fusius
2096 3847 2395 3915 Basilius

275 3975 596 4060 explicat,
611 3975 697 4040 ad
717 3993 939 4041 annos
970 3977 1169 4056 1098,
1185 3975 1382 4056 1099,
1402 3976 1576 4040 1100
1591 3974 1875 4040 brevius
1897 3976 2391 4040 memorantur.

363 4096 756 4165 Verisimile
805 4103 909 4166 est
937 4099 1267 4165 Basilium
1296 4097 1408 4163 vel
1451 4099 1694 4182 sponte
1737 4113 1863 4162 sua
1911 4094 2021 4160 vel
2047 4094 2199 4178 ipso
2230 4111 2399 4178 pre—

275 4222 477 4284 cante
518 4221 805 4288 Nestore
838 4222 1022 4288 facta
1053 4239 1347 4307 quorum
1377 4220 1572 4286 testis
1602 4223 1671 4286 et
1698 4237 1861 4304 pars
1896 4218 2123 4284 fuerat
2140 4217 2403 4284 chartis

277 4342 759 4427 mandavisse3
811 4347 1061 4412 Nestor
1112 4363 1280 4411 vero
1342 4346 1556 4410 totam
1621 4341 1855 4408 Basilii
1930 4339 2400 4407 narrationem

277 4463 470 4532 nulla
496 4470 758 4536 mutata
800 4487 998 4552 voce,
1031 4469 1104 4536 in
1145 4465 1472 4535 chronica
1519 4484 1648 4533 sua
1688 4465 1975 4550 recepit,
2038 4463 2127 4530 ad
2178 4462 2405 4530 instar

354 4609 373 4640 ¹
417 4612 550 4666 Puer
573 4614 658 4680 qui
679 4613 820 4664 virile
844 4615 1110 4666 membrum
1135 4614 1298 4666 modio
1317 4614 1461 4666 vultu·
1495 4611 1712 4682 gerebat.
