3409 5642
1738 655 2025 714 ...22-

832 822 1227 907 Byzantinis
1261 826 1543 909 accepta
1571 829 1743 891 erat.
1768 825 1969 892 Anno
1998 825 2199 907 6360,
2227 826 2297 894 id
2328 831 2435 895 est
2462 828 2617 907 852,
2649 829 2949 915 primum

697 993 708 1002 ·
832 951 1278 1017 nominantur
1323 949 1558 1018 Russi.
1625 952 1729 1017 Ex
1764 951 1881 1018 illo
1912 969 2093 1018 anno
2137 953 2383 1020 Nestor
2430 972 2774 1021 annorum
2829 974 2951 1022 se—

830 1075 1005 1140 riem
1052 1075 1356 1142 scribere
1421 1074 1663 1159 incipit
1714 1090 1729 1140 τ
1804 1076 2161 1142 duodecim
2235 1077 2440 1162 primi
2521 1079 2949 1164 paragraphi

831 1199 948 1284 qui
1008 1197 1328 1283 prooemii
1399 1198 1627 1265 locum
1679 1202 1917 1266 tenent
1971 1201 2231 1267 nullam
2308 1219 2647 1268 annorum
2716 1202 2951 1271 ferunt

831 1322 1324 1390 indicationem
1358 1337 1374 1389 τ
1410 1325 1485 1390 111
1519 1324 1777 1410 aliquot
1827 1323 2181 1392 codicibus
2243 1327 2525 1409 desunt;
2584 1325 2659 1392 in
2692 1325 2951 1411 aliquot

835 1449 1208 1535 separatim
1270 1449 1624 1533 leguntur.
1714 1450 1821 1516 Ad
1897 1449 2413 1536 paragraphum
2492 1469 2626 1518 xm
2693 1453 2951 1520 meri-to

831 1565 1079 1640 referri
1108 1576 1335 1658 potest
1366 1572 1606 1640 titulus
1634 1573 1831 1640 initio
1867 1574 2098 1660 operis
2136 1575 2511 1662 inscriptus
2546 1591 2562 1642 ε
2598 1601 2629 1636 κ
2658 1579 2826 1644 Haec
2845 1580 2953 1644 est

831 1696 1125 1764 historia
1157 1701 1468 1764 veterum
1489 1700 1903 1783 temporum,
1928 1698 2112 1766 unde
2138 1700 2408 1766 venerit
2437 1703 2623 1766 terra
2655 1703 2948 1782 russica,

830 1821 985 1906 quis
1013 1820 1278 1906 primus
1307 1820 1576 1887 Kioviae
1605 1823 2033 1904 regnaverit,
2068 1823 2252 1890 unde
2283 1823 2579 1890 Russica
2614 1827 2800 1889 terra
2830 1823 2955 1889 du-

831 1946 944 2010 cat
971 1962 1169 2011 suam
1203 1943 1571 2027 originem.
1603 1970 1634 2004 »
1673 1946 1903 2030 Usque
1937 1947 2024 2013 ad
2058 1965 2317 2012 annum
2349 1947 2515 2012 1051
2550 1946 2800 2013 Nestor
2833 1963 2955 2012 an-

829 2087 962 2136 nos
995 2071 1262 2134 tantum
1308 2067 1605 2135 indicat:
1640 2069 1823 2135 diem
1862 2069 2067 2135 modo
2107 2069 2499 2155 principum
2547 2070 2793 2137 mortis
2844 2089 2955 2136 re-

831 2192 1008 2275 fert3
1066 2193 1151 2259 ab
1182 2210 1365 2259 anno
1404 2194 1570 2258 1051
1621 2211 1758 2277 quo
1813 2194 1886 2259 in
1930 2194 2426 2261 monasterium
2448 2197 2769 2279 receptus
2796 2197 2942 2260 est:

833 2313 1015 2380 diem
1049 2319 1117 2382 et
1145 2335 1478 2396 mensem,
1511 2317 1719 2382 etiam
1764 2317 2125 2402 aliquoties
2154 2319 2401 2384 horam
2449 2318 2794 2402 gravioris
2838 2335 2962 2385 cu-

823 2441 1080 2525 jusque
1108 2444 1398 2506 eventus
1438 2440 1674 2507 refert.

920 2565 1267 2632 Chronica
1297 2565 1675 2632 secundum
1705 2583 2045 2632 annorum
2082 2566 2335 2633 seriem
2371 2564 2567 2649 sequi
2615 2581 2757 2630 non
2792 2566 2953 2630 ten-

831 2690 994 2756 tabo
1041 2705 1056 2753 t
1094 2689 1205 2756 vel
1235 2690 1683 2756 summarium
1746 2691 1913 2757 dare
1961 2689 2434 2757 difficillimum
2495 2693 2652 2773 est3
2690 2688 2953 2756 nullum

831 2809 1017 2876 enim
1052 2810 1393 2891 ordinem,
1410 2811 1545 2877 nisi
1565 2811 2135 2894 chronologicum
2156 2812 2451 2879 admittit
2473 2815 2713 2879 noster
2738 2811 2953 2896 scrip-

831 2934 941 2999 tor
975 2947 992 2998 :
1029 2933 1233 3014 bella,
1264 2937 1518 3018 pesteS,
1565 2933 1773 3016 signa
1821 2934 2149 3013 coelestia,
2194 2933 2586 3020 principum
2630 2936 2949 3013 mortem,

831 3057 1190 3138 miracula,
1213 3059 1341 3126 sub
1361 3058 1602 3126 eodem
1633 3077 1817 3126 anno
1840 3059 1989 3125 sine
2010 3059 2149 3125 ullo
2175 3058 2574 3124 discrimine
2593 3056 2946 3139 congerit;

831 3180 1162 3249 lectorem
1207 3183 1413 3250 modo
1442 3183 1790 3264 Kioviam,
1850 3183 2056 3249 modo
2121 3182 2683 3262 Pereiaslaviam,
2746 3179 2953 3247 modo

831 3308 1220 3374 Muromum
1237 3310 1315 3373 ut
1325 3306 1666 3391 hispanici
1686 3307 2188 3390 tragoediarum
2209 3307 2585 3392 scriptores
2594 3304 2955 3372 transfert.

831 3431 1151 3497 Narratio
1200 3431 1406 3498 modo
1439 3431 1674 3498 brevis
1708 3435 1776 3498 et
1834 3432 2047 3514 sicca,
2094 3432 2299 3498 modo
2342 3431 2592 3498 diffusa
2639 3434 2708 3496 et
2756 3429 2954 3522 luxu-

830 3555 1045 3622 rianS.

919 3680 1169 3746 Nestor
1201 3678 1458 3764 saepius
1520 3678 1921 3765 simpliciter
1967 3683 2036 3746 et
2057 3765 2060 3770 Ι
2080 3679 2273 3745 aride
2318 3681 2559 3745 narrat
2588 3696 2608 3761 3
2656 3680 2728 3744 at
2770 3677 2953 3764 apud

829 3803 1022 3869 illum
1070 3803 1373 3869 studium
1447 3804 1950 3890 scripturarum
2017 3804 2410 3872 ariditatem
2466 3802 2953 3870 chronicorum

829 3930 1170 4014 temperat
1216 3942 1232 3994 ε
1306 3929 1871 4016 quotiescumque
1917 3934 2144 4016 potest
2207 3947 2541 4016 personas
2595 3947 2765 3997 suas
2806 3926 2955 4015 (nec

830 4058 1096 4121 tantum
1130 4053 1446 4121 homines
1477 4055 1598 4121 sed
1632 4055 1991 4123 hominum
2011 4073 2283 4139 quoque
2312 4051 2556 4140 coetus)
2591 4052 2957 4137 loquentes

829 4169 1116 4236 inducit.
1159 4173 1326 4246 Quae
1374 4170 1652 4255 quidem
1680 4170 2031 4238 scribendi
2064 4170 2244 4237 ratio
2293 4169 2465 4235 mihi
2494 4187 2533 4234 e
2566 4167 2811 4234 Bibliae
2860 4167 2954 4233 11-

830 4295 976 4362 bris
1006 4294 1354 4362 historicis
1382 4294 1749 4380 desumpta
1780 4294 2076 4361 videtur.
2198 4334 2202 4338 -

919 4416 1152 4485 Liceat
1185 4418 1352 4484 mihi
1397 4418 1717 4504 exempla
1762 4418 2081 4503 quaedam
2112 4419 2427 4504 praebere
2460 4419 2529 4482 et
2563 4415 2817 4499 gallica
2847 4414 2946 4482 uti

831 4542 1152 4613 versione
1210 4561 1426 4626 (piam.
1467 4543 1733 4630 atiquat-
1761 4544 1911 4628 jam
1959 4542 2210 4611 abhinc
2251 4541 2453 4608 annis
2506 4540 2579 4608 in
2624 4543 2947 4626 promptu
